symbol_id;time_exchange;time_coinapi;uuid;price;size;taker_side
BITSTAMP_SPOT_BTC_USD;2018-04-07T00:00:08.0000000Z;2018-04-07T00:00:09.1793694Z;00816c43-038f-44c8-a28e-fd6139a3abd0;6627.700000000;0.009630230;BUY
BITSTAMP_SPOT_BTC_USD;2018-04-07T00:00:28.0000000Z;2018-04-07T00:00:28.3846753Z;4edd82ee-e628-40a8-9d0f-268e5b9c35cf;6627.050000000;0.075000000;BUY
BITSTAMP_SPOT_BTC_USD;2018-04-07T00:00:28.0000000Z;2018-04-07T00:00:29.1191924Z;8b4b984e-9e62-4d29-9389-a895c6672910;6627.040000000;0.004588520;SELL
BITSTAMP_SPOT_BTC_USD;2018-04-07T00:00:32.0000000Z;2018-04-07T00:00:32.7134262Z;bacd4ff5-5ebf-4890-b539-b5dc23142f38;6624.900000000;0.354392000;BUY
BITSTAMP_SPOT_BTC_USD;2018-04-07T00:00:52.0000000Z;2018-04-07T00:00:52.8874335Z;47bcd4b3-d855-4ba0-a93b-12252100627f;6614.000000000;0.024442330;SELL
BITSTAMP_SPOT_BTC_USD;2018-04-07T00:01:05.0000000Z;2018-04-07T00:01:05.8572423Z;cc86fb5c-93d1-43a5-8d32-51f3aec38511;6623.270000000;0.035000000;BUY
BITSTAMP_SPOT_BTC_USD;2018-04-07T00:01:07.0000000Z;2018-04-07T00:01:07.4042806Z;0cb76202-0d61-4d78-a7fb-ab8576d40482;6624.900000000;0.000938780;BUY
BITSTAMP_SPOT_BTC_USD;2018-04-07T00:01:22.0000000Z;2018-04-07T00:01:22.3424163Z;6f55773e-283e-4538-84fd-7589b45c4a6d;6624.240000000;0.001113970;SELL
BITSTAMP_SPOT_BTC_USD;2018-04-07T00:01:22.0000000Z;2018-04-07T00:01:22.5770245Z;2aa1ce45-d65f-4411-9501-183b97243344;6622.610000000;0.010755160;SELL
BITSTAMP_SPOT_BTC_USD;2018-04-07T00:01:22.0000000Z;2018-04-07T00:01:22.4528116Z;6628444d-1b7e-4a50-84b8-2c385b0ae1dc;6623.840000000;0.011081090;SELL
BITSTAMP_SPOT_BTC_USD;2018-04-07T00:01:22.0000000Z;2018-04-07T00:01:22.9987436Z;cf5b7349-9d4f-4c55-86ff-e6a7acef5ea4;6622.610000000;0.005949920;SELL
BITSTAMP_SPOT_BTC_USD;2018-04-07T00:02:12.0000000Z;2018-04-07T00:02:12.5674258Z;512e2303-6579-4294-97cd-9071bf4b67c4;6620.150000000;0.005907780;SELL
BITSTAMP_SPOT_BTC_USD;2018-04-07T00:02:12.0000000Z;2018-04-07T00:02:12.6611846Z;06e114ab-5b9c-438a-b0a9-4a9083b41d98;6620.150000000;0.276501810;SELL
BITSTAMP_SPOT_BTC_USD;2018-04-07T00:02:12.0000000Z;2018-04-07T00:02:12.7705719Z;9e17f8c6-478d-417c-82c3-94c13cbf29ed;6620.150000000;0.001101860;SELL
BITSTAMP_SPOT_BTC_USD;2018-04-07T00:02:12.0000000Z;2018-04-07T00:02:12.8799834Z;15850779-a8db-42ff-8161-73e9bd7ba521;6620.150000000;0.002339860;SELL
BITSTAMP_SPOT_BTC_USD;2018-04-07T00:02:12.0000000Z;2018-04-07T00:02:12.9739677Z;e609cce6-15ee-4480-817a-b89a4b2641a5;6614.000000000;0.717045170;SELL
BITSTAMP_SPOT_BTC_USD;2018-04-07T00:02:22.0000000Z;2018-04-07T00:02:22.8696926Z;2cd0881e-9044-4cfa-860a-fdda8b0b424b;6620.150000000;0.278600000;SELL
BITSTAMP_SPOT_BTC_USD;2018-04-07T00:02:23.0000000Z;2018-04-07T00:02:23.8967485Z;27b95ba8-5c65-49cf-80d6-b6423e4e33e7;6620.150000000;0.000026520;SELL
BITSTAMP_SPOT_BTC_USD;2018-04-07T00:02:27.0000000Z;2018-04-07T00:02:28.1657007Z;2899de51-84e9-4ee9-b042-a9ef906c0966;6614.000000000;0.239724800;SELL
BITSTAMP_SPOT_BTC_USD;2018-04-07T00:02:28.0000000Z;2018-04-07T00:02:28.8078996Z;270fbbac-4e90-4599-a336-7b7abf9f33c5;6613.940000000;0.007874520;SELL
BITSTAMP_SPOT_BTC_USD;2018-04-07T00:02:28.0000000Z;2018-04-07T00:02:28.9157536Z;ee91c7cc-8d76-4b0c-8c2a-f411c2f1b3c0;6613.940000000;0.021629230;SELL
BITSTAMP_SPOT_BTC_USD;2018-04-07T00:02:30.0000000Z;2018-04-07T00:02:30.3690314Z;7bd09708-163b-4bd5-93c5-fe648908bc59;6615.410000000;0.006478850;BUY
BITSTAMP_SPOT_BTC_USD;2018-04-07T00:02:30.0000000Z;2018-04-07T00:02:31.1864168Z;3494fc34-717b-4e4e-9aa3-c15f794bfce3;6613.940000000;0.011163120;SELL
BITSTAMP_SPOT_BTC_USD;2018-04-07T00:02:31.0000000Z;2018-04-07T00:02:31.2645292Z;7335cd66-d3fd-48a0-9ff4-037551035209;6613.940000000;0.220967860;SELL
BITSTAMP_SPOT_BTC_USD;2018-04-07T00:02:48.0000000Z;2018-04-07T00:02:48.6522400Z;e8b30cc7-4537-4fa3-ae9f-b39056f98893;6616.330000000;0.112292970;BUY
BITSTAMP_SPOT_BTC_USD;2018-04-07T00:03:02.0000000Z;2018-04-07T00:03:02.9714400Z;a2c88215-0dcc-48fe-9891-8f9ce89ff870;6616.330000000;0.090451000;BUY
BITSTAMP_SPOT_BTC_USD;2018-04-07T00:03:03.0000000Z;2018-04-07T00:03:03.5912958Z;22931ad1-b53d-4381-8e20-8a140bac690c;6616.330000000;0.239724800;BUY
BITSTAMP_SPOT_BTC_USD;2018-04-07T00:03:14.0000000Z;2018-04-07T00:03:14.5049340Z;019bb2ab-022e-472d-97fe-4c882235e8e3;6616.330000000;0.035000000;BUY
BITSTAMP_SPOT_BTC_USD;2018-04-07T00:03:16.0000000Z;2018-04-07T00:03:16.9271265Z;5eca2803-e81c-45de-84ad-850079aa83bd;6617.650000000;0.232130980;BUY
BITSTAMP_SPOT_BTC_USD;2018-04-07T00:03:17.0000000Z;2018-04-07T00:03:17.3021451Z;22fa10f6-d372-4f6f-8c0d-0ae9729ff915;6617.650000000;0.029503750;BUY
BITSTAMP_SPOT_BTC_USD;2018-04-07T00:03:24.0000000Z;2018-04-07T00:03:25.1780841Z;500e808a-181c-4ead-a211-33747ff1a718;6616.330000000;0.037900000;SELL
BITSTAMP_SPOT_BTC_USD;2018-04-07T00:03:57.0000000Z;2018-04-07T00:03:58.0353957Z;d26b23ab-0cf3-481d-81e6-80ab363797ad;6616.330000000;0.045100000;SELL
BITSTAMP_SPOT_BTC_USD;2018-04-07T00:03:59.0000000Z;2018-04-07T00:03:59.9635120Z;6f05ee35-cac1-4fb7-8e20-cd5480c89654;6615.670000000;0.038170000;SELL
BITSTAMP_SPOT_BTC_USD;2018-04-07T00:03:59.0000000Z;2018-04-07T00:04:00.1822645Z;6771a473-72d6-44b0-beb5-cbf6c6b9455e;6615.670000000;0.049399890;SELL
BITSTAMP_SPOT_BTC_USD;2018-04-07T00:03:59.0000000Z;2018-04-07T00:03:59.8637154Z;9d00b1f2-c6ac-43ad-80ef-0183a620e5a2;6616.330000000;0.000065000;SELL
BITSTAMP_SPOT_BTC_USD;2018-04-07T00:03:59.0000000Z;2018-04-07T00:04:00.0824877Z;99bcdbc9-f1cd-4cff-a97d-43e70d8d6591;6615.670000000;0.001136670;SELL
BITSTAMP_SPOT_BTC_USD;2018-04-07T00:04:00.0000000Z;2018-04-07T00:04:00.3012606Z;36738e2a-3336-4df1-a4e1-8ba528dd78b1;6615.670000000;0.102660000;SELL
BITSTAMP_SPOT_BTC_USD;2018-04-07T00:04:00.0000000Z;2018-04-07T00:04:00.3793960Z;bb5f5cab-7734-4e86-af3a-4e17c6758351;6615.670000000;0.004068440;SELL
BITSTAMP_SPOT_BTC_USD;2018-04-07T00:04:01.0000000Z;2018-04-07T00:04:01.4107517Z;fdc2c47b-dca8-4c3b-ab48-2872cade5c40;6615.670000000;0.000116400;SELL
BITSTAMP_SPOT_BTC_USD;2018-04-07T00:04:01.0000000Z;2018-04-07T00:04:01.5203506Z;92b49a03-9bcb-4ee1-8699-329016030d7f;6613.940000000;0.012566020;SELL
BITSTAMP_SPOT_BTC_USD;2018-04-07T00:04:01.0000000Z;2018-04-07T00:04:01.6139100Z;99cf5ff5-a18f-4b17-939a-b78b973ded9e;6613.890000000;0.019175680;SELL
BITSTAMP_SPOT_BTC_USD;2018-04-07T00:04:01.0000000Z;2018-04-07T00:04:01.7545398Z;f535e3a4-9388-4e06-8fc4-25f0a0fd594b;6613.890000000;0.003141900;SELL
BITSTAMP_SPOT_BTC_USD;2018-04-07T00:05:46.0000000Z;2018-04-07T00:05:46.8981400Z;2333fb01-ead1-421e-929a-c363b886d54d;6618.500000000;0.035000000;BUY
BITSTAMP_SPOT_BTC_USD;2018-04-07T00:05:48.0000000Z;2018-04-07T00:05:48.3826944Z;5466178d-aec0-44d6-8172-3c9d4d24cceb;6620.060000000;0.108153090;BUY
BITSTAMP_SPOT_BTC_USD;2018-04-07T00:05:55.0000000Z;2018-04-07T00:05:56.2512234Z;d105945a-67d4-4aa6-ab53-e1147b55598b;6617.840000000;0.002792530;SELL
BITSTAMP_SPOT_BTC_USD;2018-04-07T00:05:56.0000000Z;2018-04-07T00:05:56.3292988Z;116ea3b8-c9d9-489a-9eec-b1001b095b4f;6617.840000000;0.011256600;SELL
BITSTAMP_SPOT_BTC_USD;2018-04-07T00:05:56.0000000Z;2018-04-07T00:05:56.5326261Z;a244c62f-ee5b-4692-a25a-085bbfeac0d0;6617.840000000;0.011698800;SELL
BITSTAMP_SPOT_BTC_USD;2018-04-07T00:05:56.0000000Z;2018-04-07T00:05:56.4305431Z;f9311813-74c4-4af4-9f38-985940418856;6617.840000000;0.446048210;SELL
BITSTAMP_SPOT_BTC_USD;2018-04-07T00:05:56.0000000Z;2018-04-07T00:05:56.6181626Z;b84e46be-b252-40a8-b213-79d1b43909a9;6617.840000000;0.038383950;SELL
BITSTAMP_SPOT_BTC_USD;2018-04-07T00:06:06.0000000Z;2018-04-07T00:06:06.5254843Z;84ce0d2e-95c5-4648-b069-f91105d29f77;6617.840000000;0.035000000;BUY
BITSTAMP_SPOT_BTC_USD;2018-04-07T00:06:08.0000000Z;2018-04-07T00:06:08.3460577Z;43316b16-4050-4e2d-8eb3-d39865cf8d24;6619.170000000;0.050905170;SELL
BITSTAMP_SPOT_BTC_USD;2018-04-07T00:07:28.0000000Z;2018-04-07T00:07:28.6134182Z;ca3283b2-6ca1-4546-9941-6eaa9153fa9d;6621.440000000;0.118039000;BUY
BITSTAMP_SPOT_BTC_USD;2018-04-07T00:08:00.0000000Z;2018-04-07T00:08:01.2111854Z;71ed6972-fca1-49ae-a627-56d4c6f1a026;6621.340000000;0.000944220;SELL
BITSTAMP_SPOT_BTC_USD;2018-04-07T00:08:02.0000000Z;2018-04-07T00:08:02.3429849Z;b6789666-4a06-4128-84f2-0f7d5d1467b9;6621.140000000;0.012143420;SELL
BITSTAMP_SPOT_BTC_USD;2018-04-07T00:08:02.0000000Z;2018-04-07T00:08:02.8430341Z;171c5cb2-bb28-4633-80b8-d21f0dc1591e;6617.190000000;0.011147220;SELL
BITSTAMP_SPOT_BTC_USD;2018-04-07T00:08:02.0000000Z;2018-04-07T00:08:02.5393467Z;4d71d64b-d9ea-43b6-9383-98cd6244a8ba;6618.510000000;0.017114280;SELL
BITSTAMP_SPOT_BTC_USD;2018-04-07T00:08:02.0000000Z;2018-04-07T00:08:02.6331163Z;0a198724-608a-489b-890d-65c4c496bba9;6618.510000000;0.001115460;SELL
BITSTAMP_SPOT_BTC_USD;2018-04-07T00:08:02.0000000Z;2018-04-07T00:08:03.1176341Z;aacd6e37-3bc6-4de3-b7d2-fb3fbe650adc;6616.270000000;0.012200000;SELL
BITSTAMP_SPOT_BTC_USD;2018-04-07T00:08:02.0000000Z;2018-04-07T00:08:02.9211672Z;12792d39-e111-43a6-bd61-117b51db36df;6617.190000000;0.089200000;SELL
BITSTAMP_SPOT_BTC_USD;2018-04-07T00:08:03.0000000Z;2018-04-07T00:08:03.3118604Z;ff4d1384-1b28-4dbc-8d89-11ef507e9d0c;6613.890000000;0.000204300;SELL
BITSTAMP_SPOT_BTC_USD;2018-04-07T00:08:03.0000000Z;2018-04-07T00:08:03.5550906Z;eb964dcf-5f80-4fa4-aa6d-438d784ce242;6611.200000000;0.355931100;BUY
BITSTAMP_SPOT_BTC_USD;2018-04-07T00:08:25.0000000Z;2018-04-07T00:08:26.2673878Z;a1f1f99a-8606-4cb9-91bc-9fda1c75b73e;6615.940000000;0.054863050;BUY
BITSTAMP_SPOT_BTC_USD;2018-04-07T00:08:31.0000000Z;2018-04-07T00:08:31.4713653Z;eca1d1d3-7561-46b8-9eb9-dbc82d556ccd;6615.280000000;0.001112800;SELL
BITSTAMP_SPOT_BTC_USD;2018-04-07T00:08:31.0000000Z;2018-04-07T00:08:31.5740627Z;46d253cf-1460-41b8-b99f-dd0d5b6f8696;6615.280000000;0.081262930;SELL
BITSTAMP_SPOT_BTC_USD;2018-04-07T00:08:33.0000000Z;2018-04-07T00:08:33.3306354Z;02981289-c53d-4dd5-9001-015615640840;6611.140000000;0.417624270;SELL
BITSTAMP_SPOT_BTC_USD;2018-04-07T00:08:33.0000000Z;2018-04-07T00:08:33.6368113Z;9398bcd2-5d40-4dde-9dd1-e12fa5c680bd;6615.940000000;0.085136950;BUY
BITSTAMP_SPOT_BTC_USD;2018-04-07T00:08:33.0000000Z;2018-04-07T00:08:33.7682130Z;89fb307b-dfd5-45db-ac96-d2281f0942a9;6617.260000000;0.417638440;BUY
BITSTAMP_SPOT_BTC_USD;2018-04-07T00:08:33.0000000Z;2018-04-07T00:08:33.9649975Z;cbd25217-959a-4389-8747-252c0a56b340;6617.260000000;0.502775390;BUY
BITSTAMP_SPOT_BTC_USD;2018-04-07T00:08:34.0000000Z;2018-04-07T00:08:34.3713335Z;229fae6e-7831-42b4-8c48-c13547c4dd1e;6617.260000000;0.417669400;BUY
BITSTAMP_SPOT_BTC_USD;2018-04-07T00:08:34.0000000Z;2018-04-07T00:08:34.5744214Z;fe7964ca-e942-41de-b235-5f8db03b3483;6617.260000000;0.417669400;BUY
BITSTAMP_SPOT_BTC_USD;2018-04-07T00:08:34.0000000Z;2018-04-07T00:08:34.9558062Z;dc09866a-c986-48e1-ad9a-e0c3b753a373;6617.260000000;0.417669400;BUY
BITSTAMP_SPOT_BTC_USD;2018-04-07T00:08:35.0000000Z;2018-04-07T00:08:35.2463790Z;36226c26-b588-490c-8c1c-de20a72c0ef1;6617.260000000;0.290822670;BUY
BITSTAMP_SPOT_BTC_USD;2018-04-07T00:08:35.0000000Z;2018-04-07T00:08:35.3557625Z;4626331d-e6a3-4e1b-9558-f3f93e05ec9c;6621.800000000;0.035000000;BUY
BITSTAMP_SPOT_BTC_USD;2018-04-07T00:08:35.0000000Z;2018-04-07T00:08:35.4496672Z;270bc8bd-1a83-4909-9f97-aafbffd5c928;6627.630000000;0.010000000;BUY
BITSTAMP_SPOT_BTC_USD;2018-04-07T00:08:35.0000000Z;2018-04-07T00:08:35.5589264Z;2f3e6abe-4847-4f4c-8ecf-f3bbd9d83694;6627.630000000;0.010000000;BUY
BITSTAMP_SPOT_BTC_USD;2018-04-07T00:08:35.0000000Z;2018-04-07T00:08:35.6370454Z;3dad907e-0a1e-45de-80fd-64cae538c293;6628.000000000;0.071846730;BUY
BITSTAMP_SPOT_BTC_USD;2018-04-07T00:08:45.0000000Z;2018-04-07T00:08:46.0132868Z;9cb98de4-d1f0-4392-baa6-ee020d87e9aa;6620.000000000;0.007481980;SELL
BITSTAMP_SPOT_BTC_USD;2018-04-07T00:09:00.0000000Z;2018-04-07T00:09:01.1460863Z;5791e6e4-af84-4a58-af54-1c0d5c317087;6611.660000000;0.015733210;SELL
BITSTAMP_SPOT_BTC_USD;2018-04-07T00:09:05.0000000Z;2018-04-07T00:09:06.1622385Z;201fc50f-afd0-45a5-81b7-030f64897674;6618.930000000;0.005200800;BUY
BITSTAMP_SPOT_BTC_USD;2018-04-07T00:09:17.0000000Z;2018-04-07T00:09:17.9702656Z;ea7d4a08-6000-45a0-89c7-851f7e6dc31c;6616.690000000;0.044480250;BUY
BITSTAMP_SPOT_BTC_USD;2018-04-07T00:10:33.0000000Z;2018-04-07T00:10:33.4949928Z;a3f715b7-f244-4b78-a8f6-1ce9eaa8dd52;6614.500000000;0.167280600;SELL
BITSTAMP_SPOT_BTC_USD;2018-04-07T00:10:33.0000000Z;2018-04-07T00:10:33.5731004Z;1d5e0971-0b4c-4386-8860-a0c03acc4a95;6612.000000000;0.215399590;SELL
BITSTAMP_SPOT_BTC_USD;2018-04-07T00:10:36.0000000Z;2018-04-07T00:10:36.8127851Z;e965a680-e2f5-48d3-b42b-f9498f4011de;6612.000000000;0.061861800;SELL
BITSTAMP_SPOT_BTC_USD;2018-04-07T00:10:45.0000000Z;2018-04-07T00:10:45.5946594Z;1422ca99-1ff2-4074-90dc-f40bcfd51d2e;6618.080000000;0.008287980;SELL
BITSTAMP_SPOT_BTC_USD;2018-04-07T00:10:46.0000000Z;2018-04-07T00:10:46.8603827Z;bc24a005-533c-4a97-b60c-6f8d50906bcf;6612.000000000;0.600382950;SELL
BITSTAMP_SPOT_BTC_USD;2018-04-07T00:11:12.0000000Z;2018-04-07T00:11:13.2069458Z;8b750a3b-3415-4b3a-8ef7-387958d3bbae;6616.320000000;0.005574000;SELL
BITSTAMP_SPOT_BTC_USD;2018-04-07T00:12:23.0000000Z;2018-04-07T00:12:23.2927672Z;88a0d832-cb0b-49c9-bbac-499ebbe4556c;6616.980000000;0.030126510;BUY
BITSTAMP_SPOT_BTC_USD;2018-04-07T00:12:43.0000000Z;2018-04-07T00:12:43.4480851Z;555bfe5c-8625-4d66-ba05-d747c80acd8e;6616.320000000;0.006482140;SELL
BITSTAMP_SPOT_BTC_USD;2018-04-07T00:12:43.0000000Z;2018-04-07T00:12:43.5418436Z;10d86473-aa5b-45b9-8a64-c9539f1ffee8;6616.320000000;0.001017860;SELL
BITSTAMP_SPOT_BTC_USD;2018-04-07T00:12:43.0000000Z;2018-04-07T00:12:43.9168886Z;80fbaa7f-f780-42b6-a52a-fbd3455de3b6;6616.320000000;0.001115020;SELL
BITSTAMP_SPOT_BTC_USD;2018-04-07T00:12:43.0000000Z;2018-04-07T00:12:43.7677480Z;04bf708b-0a47-42af-b73e-59118a21ad80;6616.320000000;0.000097310;SELL
BITSTAMP_SPOT_BTC_USD;2018-04-07T00:12:43.0000000Z;2018-04-07T00:12:44.0020148Z;a68b2bd6-8f30-40ec-84fb-d0e6962f3506;6615.480000000;0.058287670;SELL
BITSTAMP_SPOT_BTC_USD;2018-04-07T00:12:44.0000000Z;2018-04-07T00:12:45.1045334Z;194b9276-4d19-44e4-a104-493d26f5b291;6615.480000000;0.000166670;SELL
BITSTAMP_SPOT_BTC_USD;2018-04-07T00:12:45.0000000Z;2018-04-07T00:12:46.2366529Z;d7e26fad-9351-422d-b687-5d36148068eb;6615.480000000;0.001116470;SELL
BITSTAMP_SPOT_BTC_USD;2018-04-07T00:13:12.0000000Z;2018-04-07T00:13:12.4202961Z;18c2046a-9759-4016-af72-ab9b67416351;6614.900000000;0.305801780;BUY
BITSTAMP_SPOT_BTC_USD;2018-04-07T00:14:12.0000000Z;2018-04-07T00:14:12.9592899Z;e9650bac-7e34-47dd-a009-206c5e80d48c;6614.900000000;0.214884570;BUY
BITSTAMP_SPOT_BTC_USD;2018-04-07T00:14:28.0000000Z;2018-04-07T00:14:28.8412367Z;58587c35-fbb7-4f86-bfe4-cfa4c8c684b4;6615.600000000;0.025864930;BUY
BITSTAMP_SPOT_BTC_USD;2018-04-07T00:15:02.0000000Z;2018-04-07T00:15:02.6132100Z;271ac951-ce94-438a-b629-77fdb904e646;6615.600000000;0.009135070;BUY
BITSTAMP_SPOT_BTC_USD;2018-04-07T00:15:02.0000000Z;2018-04-07T00:15:02.7464844Z;87241daa-36af-402c-9877-a96d413a7503;6616.920000000;0.054015930;BUY
BITSTAMP_SPOT_BTC_USD;2018-04-07T00:15:29.0000000Z;2018-04-07T00:15:29.7965848Z;c6b90099-8a7a-4e09-9177-d266279ab764;6615.600000000;0.035000000;BUY
BITSTAMP_SPOT_BTC_USD;2018-04-07T00:16:41.0000000Z;2018-04-07T00:16:41.4517942Z;4af5abe8-a398-4921-880e-45f0ae5e38a2;6618.960000000;0.122804480;BUY
BITSTAMP_SPOT_BTC_USD;2018-04-07T00:17:04.0000000Z;2018-04-07T00:17:04.8761477Z;a2526507-8931-45ce-9629-cbf776571536;6618.960000000;0.035000000;BUY
BITSTAMP_SPOT_BTC_USD;2018-04-07T00:17:12.0000000Z;2018-04-07T00:17:12.8462718Z;77d28ad2-8188-4dae-91f8-93f4f55469fd;6620.070000000;1.000000000;BUY
BITSTAMP_SPOT_BTC_USD;2018-04-07T00:17:13.0000000Z;2018-04-07T00:17:14.1583784Z;7a7ff789-32d5-40de-8457-9af8f0b6beb1;6620.070000000;0.500000000;SELL
BITSTAMP_SPOT_BTC_USD;2018-04-07T00:17:14.0000000Z;2018-04-07T00:17:14.2677861Z;fc27af9c-a58c-4b2f-a530-68711f354262;6620.070000000;0.500000000;SELL
BITSTAMP_SPOT_BTC_USD;2018-04-07T00:17:14.0000000Z;2018-04-07T00:17:14.5652060Z;e5280fff-01e4-4536-9b80-faec957b6bab;6620.080000000;0.500000000;SELL
BITSTAMP_SPOT_BTC_USD;2018-04-07T00:17:14.0000000Z;2018-04-07T00:17:14.6433406Z;f2342019-f0a8-42b2-89c0-8d5cda78208c;6620.080000000;2.628286840;BUY
BITSTAMP_SPOT_BTC_USD;2018-04-07T00:17:14.0000000Z;2018-04-07T00:17:14.7683813Z;12b3ef6f-8b53-45f2-a2e7-f8fe0ad620ee;6620.080000000;0.500000000;SELL
BITSTAMP_SPOT_BTC_USD;2018-04-07T00:17:14.0000000Z;2018-04-07T00:17:14.8777433Z;91695234-ba2b-46c7-9715-25ccb05b18e5;6620.080000000;0.500000000;SELL
BITSTAMP_SPOT_BTC_USD;2018-04-07T00:17:14.0000000Z;2018-04-07T00:17:14.9558773Z;19066f4b-dffc-467b-ab31-85a25459553a;6620.080000000;0.500000000;SELL
BITSTAMP_SPOT_BTC_USD;2018-04-07T00:17:15.0000000Z;2018-04-07T00:17:15.3152968Z;8f5e143b-a097-4a5a-bca4-3f2020be41ed;6621.070000000;0.500000000;SELL
BITSTAMP_SPOT_BTC_USD;2018-04-07T00:17:15.0000000Z;2018-04-07T00:17:15.4246859Z;16e09c70-a69e-4814-8ae1-55f77b333deb;6621.070000000;0.500000000;SELL
BITSTAMP_SPOT_BTC_USD;2018-04-07T00:17:15.0000000Z;2018-04-07T00:17:15.5335509Z;856712a5-80f8-4055-9412-e5a95ec27578;6621.070000000;0.217792590;SELL
BITSTAMP_SPOT_BTC_USD;2018-04-07T00:17:56.0000000Z;2018-04-07T00:17:56.9296480Z;a0e00293-d299-429c-9ba6-49c781a65e10;6620.770000000;0.003728970;BUY
BITSTAMP_SPOT_BTC_USD;2018-04-07T00:18:00.0000000Z;2018-04-07T00:18:01.1801548Z;344a499f-f83a-40bb-8151-85dfd9a971af;6620.110000000;0.005600000;SELL
BITSTAMP_SPOT_BTC_USD;2018-04-07T00:18:01.0000000Z;2018-04-07T00:18:01.2885380Z;8ff37dee-bc9a-4613-b9cd-a8fb573d93d9;6620.110000000;0.000078750;SELL
BITSTAMP_SPOT_BTC_USD;2018-04-07T00:18:02.0000000Z;2018-04-07T00:18:02.7730705Z;b9bdff61-7757-44bf-bbac-90146194d032;6619.260000000;0.003253870;SELL
BITSTAMP_SPOT_BTC_USD;2018-04-07T00:18:02.0000000Z;2018-04-07T00:18:02.8991063Z;af176a05-cdd6-495d-9562-1543427998de;6618.300000000;0.011150390;SELL
BITSTAMP_SPOT_BTC_USD;2018-04-07T00:18:02.0000000Z;2018-04-07T00:18:02.9928722Z;c7a52e26-3bda-4bec-a212-6af9b0d2999c;6618.300000000;0.033465370;SELL
BITSTAMP_SPOT_BTC_USD;2018-04-07T00:18:02.0000000Z;2018-04-07T00:18:03.0712355Z;45fb97c9-394c-4faa-951a-e96e079292f6;6614.940000000;0.010792960;SELL
BITSTAMP_SPOT_BTC_USD;2018-04-07T00:18:02.0000000Z;2018-04-07T00:18:03.1960173Z;03e2e112-d654-45ef-9eed-7ddfc9de55a4;6614.940000000;0.005767410;SELL
BITSTAMP_SPOT_BTC_USD;2018-04-07T00:18:03.0000000Z;2018-04-07T00:18:03.3043765Z;32f4aca8-1c14-4d41-bf0d-aa6235e27fe9;6614.240000000;0.264083460;SELL
BITSTAMP_SPOT_BTC_USD;2018-04-07T00:18:13.0000000Z;2018-04-07T00:18:13.3679682Z;b7182b2a-6f34-49d5-934b-7a8ec58c8515;6611.140000000;0.215652590;SELL
BITSTAMP_SPOT_BTC_USD;2018-04-07T00:18:13.0000000Z;2018-04-07T00:18:13.4941238Z;6926d8b3-7bba-4c59-b576-ebbb3cccd7df;6611.140000000;0.061270750;SELL
BITSTAMP_SPOT_BTC_USD;2018-04-07T00:19:39.0000000Z;2018-04-07T00:19:39.7841553Z;e3b6ab57-c888-42a6-ad5d-e74a8e56ba1f;6616.340000000;0.005277160;SELL
BITSTAMP_SPOT_BTC_USD;2018-04-07T00:19:48.0000000Z;2018-04-07T00:19:48.8390880Z;75eeeeb4-a380-4891-b794-a356b68d1abe;6617.000000000;0.015227790;BUY
BITSTAMP_SPOT_BTC_USD;2018-04-07T00:20:09.0000000Z;2018-04-07T00:20:10.1998611Z;ac036fa4-0184-48e6-862d-838f6c22ab4f;6616.340000000;0.034630840;SELL
BITSTAMP_SPOT_BTC_USD;2018-04-07T00:20:10.0000000Z;2018-04-07T00:20:10.4048349Z;3783d543-8afc-48a1-b0b9-dcec70dc8cd3;6616.340000000;0.002021250;SELL
BITSTAMP_SPOT_BTC_USD;2018-04-07T00:20:10.0000000Z;2018-04-07T00:20:10.4829940Z;40c0b5b0-327e-46ad-bf2d-2c2ae7ce75d5;6616.340000000;0.005576900;SELL
BITSTAMP_SPOT_BTC_USD;2018-04-07T00:20:10.0000000Z;2018-04-07T00:20:10.2780913Z;a99719ba-551f-4e70-98e2-01aa5bc16aa0;6616.340000000;0.005574150;SELL
BITSTAMP_SPOT_BTC_USD;2018-04-07T00:20:10.0000000Z;2018-04-07T00:20:10.5751238Z;2caf24eb-03ef-4b52-8e63-f94b3f467c90;6616.330000000;0.005585550;SELL
BITSTAMP_SPOT_BTC_USD;2018-04-07T00:20:10.0000000Z;2018-04-07T00:20:10.9187045Z;405f371e-1e58-47b7-b7a7-d220d96aac6c;6616.290000000;0.033777500;BUY
BITSTAMP_SPOT_BTC_USD;2018-04-07T00:21:06.0000000Z;2018-04-07T00:21:07.0183641Z;4d77b556-5899-4c21-b76e-72c5afcab205;6616.990000000;0.012503770;BUY
BITSTAMP_SPOT_BTC_USD;2018-04-07T00:21:10.0000000Z;2018-04-07T00:21:10.9597968Z;4cf7bac3-55ba-4e1b-9a40-3b03720eae5b;6616.990000000;0.035000000;BUY
BITSTAMP_SPOT_BTC_USD;2018-04-07T00:21:39.0000000Z;2018-04-07T00:21:39.5689992Z;d3b5c465-3a4f-4601-a66c-9c21a22d9290;6620.750000000;0.500000000;BUY
BITSTAMP_SPOT_BTC_USD;2018-04-07T00:21:39.0000000Z;2018-04-07T00:21:39.8815063Z;754a510f-a106-4fd0-8d48-11f618284e91;6620.750000000;0.153308540;BUY
BITSTAMP_SPOT_BTC_USD;2018-04-07T00:21:39.0000000Z;2018-04-07T00:21:39.8075189Z;cc98d38c-ce72-49f7-83fe-0467fe5df360;6620.750000000;0.500000000;BUY
BITSTAMP_SPOT_BTC_USD;2018-04-07T00:21:46.0000000Z;2018-04-07T00:21:46.6322195Z;bc019dd0-54ac-4246-b4ee-cb25e1f84d6e;6622.400000000;0.001115310;BUY
BITSTAMP_SPOT_BTC_USD;2018-04-07T00:21:47.0000000Z;2018-04-07T00:21:47.3979367Z;277407c7-e484-41ed-90ee-b2b2627f56d6;6622.400000000;0.389324390;BUY
BITSTAMP_SPOT_BTC_USD;2018-04-07T00:22:19.0000000Z;2018-04-07T00:22:19.7295665Z;ffdaf187-4215-445a-bcf0-2c10500f869f;6622.900000000;0.012323000;BUY
BITSTAMP_SPOT_BTC_USD;2018-04-07T00:22:55.0000000Z;2018-04-07T00:22:56.1447702Z;60373bcc-7a0b-4659-b080-67156c5234f5;6622.240000000;0.011141510;SELL
BITSTAMP_SPOT_BTC_USD;2018-04-07T00:22:55.0000000Z;2018-04-07T00:22:56.2334287Z;03299ff9-ffe2-41d5-a21b-9d19464f6b20;6622.240000000;0.083558600;SELL
BITSTAMP_SPOT_BTC_USD;2018-04-07T00:22:56.0000000Z;2018-04-07T00:22:56.3481444Z;b1b94b3e-9bcc-4352-9d18-7b88d5dce077;6622.240000000;0.005736700;SELL
BITSTAMP_SPOT_BTC_USD;2018-04-07T00:22:56.0000000Z;2018-04-07T00:22:56.4416754Z;0b7fbc4c-7cb7-4bb4-a270-f802c6410b0c;6622.240000000;0.004477610;SELL
BITSTAMP_SPOT_BTC_USD;2018-04-07T00:22:56.0000000Z;2018-04-07T00:22:56.9991348Z;83f64184-e392-422e-8e77-9e5c1ff08f5d;6622.240000000;0.003541880;BUY
BITSTAMP_SPOT_BTC_USD;2018-04-07T00:22:57.0000000Z;2018-04-07T00:22:57.3324372Z;7adb7772-b557-4548-ab90-496146d39e50;6620.090000000;0.004008520;SELL
BITSTAMP_SPOT_BTC_USD;2018-04-07T00:22:57.0000000Z;2018-04-07T00:22:57.4886920Z;a6f18e61-c4b4-4b8e-b9fb-fed44118f750;6620.070000000;0.004067170;SELL
BITSTAMP_SPOT_BTC_USD;2018-04-07T00:22:57.0000000Z;2018-04-07T00:22:57.6087323Z;2d9cb3ec-3032-4a13-a81b-ed5511e9b9e9;6617.460000000;0.091640190;SELL
BITSTAMP_SPOT_BTC_USD;2018-04-07T00:22:57.0000000Z;2018-04-07T00:22:57.8273715Z;5b3b298f-30e6-43e2-9f23-cff723437419;6617.090000000;0.024000000;SELL
BITSTAMP_SPOT_BTC_USD;2018-04-07T00:22:57.0000000Z;2018-04-07T00:22:57.9992677Z;8bb88321-0a90-4824-95df-3455b12d0b92;6616.340000000;0.055773160;SELL
BITSTAMP_SPOT_BTC_USD;2018-04-07T00:22:57.0000000Z;2018-04-07T00:22:58.0773766Z;e1ee924f-10e4-4bba-a417-424ac914fad9;6616.340000000;0.003342790;SELL
BITSTAMP_SPOT_BTC_USD;2018-04-07T00:22:58.0000000Z;2018-04-07T00:22:58.2700493Z;10381a4e-0366-4fc1-b2e8-cfea9fb07c6f;6616.330000000;0.083761820;SELL
BITSTAMP_SPOT_BTC_USD;2018-04-07T00:22:58.0000000Z;2018-04-07T00:22:58.4262890Z;e60d9218-214c-42bc-b473-6a5307d012e1;6615.940000000;0.002272730;SELL
BITSTAMP_SPOT_BTC_USD;2018-04-07T00:22:58.0000000Z;2018-04-07T00:22:58.5981838Z;c36b4d55-221d-4d21-add1-4a49ba453323;6611.140000000;0.028088140;SELL
BITSTAMP_SPOT_BTC_USD;2018-04-07T00:22:58.0000000Z;2018-04-07T00:22:58.7181014Z;ec5e34ef-8bc2-43c7-8c2d-a8b6a8036e59;6610.000000000;0.500000000;SELL
BITSTAMP_SPOT_BTC_USD;2018-04-07T00:22:58.0000000Z;2018-04-07T00:22:58.9107198Z;8a9e0ce8-be0f-498c-9091-5a6bafe79b6c;6609.940000000;0.012318920;SELL
BITSTAMP_SPOT_BTC_USD;2018-04-07T00:22:58.0000000Z;2018-04-07T00:22:59.0201169Z;e22fd79a-aabf-4c7b-b352-0981b94c9fc0;6609.940000000;0.018455900;SELL
BITSTAMP_SPOT_BTC_USD;2018-04-07T00:22:58.0000000Z;2018-04-07T00:22:59.1607501Z;f219bbb6-e17d-497f-8170-faf3c9b12244;6608.400000000;0.063814360;BUY
BITSTAMP_SPOT_BTC_USD;2018-04-07T00:23:01.0000000Z;2018-04-07T00:23:02.1559313Z;49cb6ec1-150d-4e8c-9e14-ce77adde5c50;6614.900000000;0.001287040;SELL
BITSTAMP_SPOT_BTC_USD;2018-04-07T00:23:03.0000000Z;2018-04-07T00:23:04.0780391Z;f7dc6df6-8845-4299-aa97-e5ff3fe03271;6614.900000000;0.001502360;SELL
BITSTAMP_SPOT_BTC_USD;2018-04-07T00:23:10.0000000Z;2018-04-07T00:23:11.1466904Z;a10f85df-bf10-458e-a628-a49b871e15b8;6615.000000000;2.000000000;SELL
BITSTAMP_SPOT_BTC_USD;2018-04-07T00:23:11.0000000Z;2018-04-07T00:23:12.1430790Z;9fedd2ae-adb9-4b5e-8245-b37fbed13d1a;6620.550000000;0.001857030;BUY
BITSTAMP_SPOT_BTC_USD;2018-04-07T00:23:32.0000000Z;2018-04-07T00:23:32.3014302Z;178d3f5a-44d7-4d4e-ab6c-dff2bd1497ac;6622.240000000;0.053843260;SELL
BITSTAMP_SPOT_BTC_USD;2018-04-07T00:23:33.0000000Z;2018-04-07T00:23:33.3797846Z;dd8ecdbe-4064-4502-86e0-01093c6eff7b;6616.790000000;0.946156740;SELL
BITSTAMP_SPOT_BTC_USD;2018-04-07T00:23:33.0000000Z;2018-04-07T00:23:34.0242887Z;f43d73d8-caec-470b-9c41-1a6d292629d0;6622.900000000;0.023907350;BUY
BITSTAMP_SPOT_BTC_USD;2018-04-07T00:23:52.0000000Z;2018-04-07T00:23:52.5848271Z;fdfb6373-8a26-4813-ab91-7d214c2d2742;6611.630000000;0.002586330;SELL
BITSTAMP_SPOT_BTC_USD;2018-04-07T00:24:07.0000000Z;2018-04-07T00:24:07.6493777Z;f3b72cfd-918a-428f-9987-9977c658ec1a;6611.640000000;0.001809050;SELL
BITSTAMP_SPOT_BTC_USD;2018-04-07T00:24:32.0000000Z;2018-04-07T00:24:32.8002890Z;0f429f52-d51e-4c74-8ab5-f604bed0dc31;6618.100000000;0.000781290;BUY
BITSTAMP_SPOT_BTC_USD;2018-04-07T00:25:02.0000000Z;2018-04-07T00:25:03.2253826Z;d1075d61-3620-4860-94fb-3fef787ab447;6618.100000000;0.016133020;BUY
BITSTAMP_SPOT_BTC_USD;2018-04-07T00:25:03.0000000Z;2018-04-07T00:25:03.3701645Z;8214041d-146c-470c-93e0-1cbb34f852a7;6619.750000000;0.011003980;BUY
BITSTAMP_SPOT_BTC_USD;2018-04-07T00:25:05.0000000Z;2018-04-07T00:25:05.3818884Z;66329aea-2f37-403c-a32e-0ab135a6c87d;6618.100000000;0.035000000;BUY
BITSTAMP_SPOT_BTC_USD;2018-04-07T00:25:24.0000000Z;2018-04-07T00:25:24.2639098Z;3e4c3fa5-f4e0-4961-955b-cd5636805db6;6619.570000000;0.150300000;BUY
BITSTAMP_SPOT_BTC_USD;2018-04-07T00:25:28.0000000Z;2018-04-07T00:25:28.2644070Z;2a76ae3b-50bb-407a-98ab-4de12b0d34b5;6619.570000000;0.000077490;BUY
BITSTAMP_SPOT_BTC_USD;2018-04-07T00:25:28.0000000Z;2018-04-07T00:25:28.6343474Z;2c0b3124-e1b5-464d-af5b-246a5a14b0ea;6624.340000000;0.001689210;SELL
BITSTAMP_SPOT_BTC_USD;2018-04-07T00:26:15.0000000Z;2018-04-07T00:26:16.1695623Z;be283243-f40d-429d-8996-932989a4938e;6624.340000000;0.009374970;SELL
BITSTAMP_SPOT_BTC_USD;2018-04-07T00:26:16.0000000Z;2018-04-07T00:26:16.2748933Z;e8b0b182-eaf8-4146-baa3-a6743d663d90;6624.340000000;0.021525030;SELL
BITSTAMP_SPOT_BTC_USD;2018-04-07T00:26:41.0000000Z;2018-04-07T00:26:41.8441527Z;645196f6-8fac-4b3f-874a-ad865185d5f3;6625.000000000;0.139768000;BUY
BITSTAMP_SPOT_BTC_USD;2018-04-07T00:26:47.0000000Z;2018-04-07T00:26:47.5010012Z;2e658c92-7944-4b04-951b-5c9cd74283ad;6624.340000000;0.000201220;SELL
BITSTAMP_SPOT_BTC_USD;2018-04-07T00:26:47.0000000Z;2018-04-07T00:26:47.5794532Z;184c3d82-bb10-45bd-8cfa-fce2fecf0ebc;6624.340000000;0.022470420;SELL
BITSTAMP_SPOT_BTC_USD;2018-04-07T00:26:49.0000000Z;2018-04-07T00:26:49.3577015Z;5ea1b77d-9f1c-4399-8b39-4b91a7e9e917;6624.170000000;0.009772810;SELL
BITSTAMP_SPOT_BTC_USD;2018-04-07T00:26:49.0000000Z;2018-04-07T00:26:49.5013577Z;fc353b80-6f0e-4174-ba1b-6fe74c117b37;6622.950000000;1.985469120;SELL
BITSTAMP_SPOT_BTC_USD;2018-04-07T00:27:25.0000000Z;2018-04-07T00:27:26.0519791Z;3497a6c1-969d-43ed-b9d5-40c6035faef1;6618.770000000;0.002000000;BUY
BITSTAMP_SPOT_BTC_USD;2018-04-07T00:28:01.0000000Z;2018-04-07T00:28:02.0539503Z;252c444f-68ba-4b32-8b8b-43020cc1b745;6618.770000000;0.441700000;BUY
BITSTAMP_SPOT_BTC_USD;2018-04-07T00:28:17.0000000Z;2018-04-07T00:28:17.2604988Z;43190d5a-0155-4913-988c-9d1dccb84645;6618.770000000;0.031225340;BUY
BITSTAMP_SPOT_BTC_USD;2018-04-07T00:28:21.0000000Z;2018-04-07T00:28:22.2141472Z;bb64bbb2-ef97-469a-af3a-6fd600429b83;6618.770000000;0.058775270;BUY
BITSTAMP_SPOT_BTC_USD;2018-04-07T00:28:32.0000000Z;2018-04-07T00:28:32.6098347Z;d1e6e927-e119-4c1e-a4f5-2635e08c4c84;6618.760000000;0.002000000;SELL
BITSTAMP_SPOT_BTC_USD;2018-04-07T00:29:03.0000000Z;2018-04-07T00:29:03.8630225Z;56faa09a-d829-4103-8907-4d267a7f6be2;6618.770000000;0.022970970;BUY
BITSTAMP_SPOT_BTC_USD;2018-04-07T00:29:06.0000000Z;2018-04-07T00:29:06.6914338Z;77334858-07bf-48a6-bc47-74116e0397ca;6618.760000000;0.041719580;SELL
BITSTAMP_SPOT_BTC_USD;2018-04-07T00:29:06.0000000Z;2018-04-07T00:29:06.7697106Z;b9a2f619-9d98-48f0-86b3-aaefa61a1e20;6618.110000000;0.001144080;SELL
BITSTAMP_SPOT_BTC_USD;2018-04-07T00:29:06.0000000Z;2018-04-07T00:29:06.8633277Z;945aea5b-9a91-455f-976f-845f29638431;6618.110000000;0.001116070;SELL
BITSTAMP_SPOT_BTC_USD;2018-04-07T00:29:06.0000000Z;2018-04-07T00:29:07.0510336Z;fb762c97-f7d8-4bf3-a6bd-9638267c4a71;6618.110000000;0.024869050;SELL
BITSTAMP_SPOT_BTC_USD;2018-04-07T00:29:06.0000000Z;2018-04-07T00:29:06.9679553Z;66ba4b9d-a2c8-4c69-8f70-2ff0b2bc0d3d;6618.110000000;0.020971460;SELL
BITSTAMP_SPOT_BTC_USD;2018-04-07T00:29:06.0000000Z;2018-04-07T00:29:07.1554771Z;3a73fe65-59b4-436a-95e2-d6e978093c74;6617.440000000;0.004014600;SELL
BITSTAMP_SPOT_BTC_USD;2018-04-07T00:29:07.0000000Z;2018-04-07T00:29:08.0618347Z;cc134839-bee0-4af7-af82-9bf938fb1e36;6608.500000000;0.300000000;SELL
BITSTAMP_SPOT_BTC_USD;2018-04-07T00:29:08.0000000Z;2018-04-07T00:29:08.7181853Z;fb52655f-b90b-4f82-902e-88d198b6e73b;6610.000000000;0.152968620;BUY
BITSTAMP_SPOT_BTC_USD;2018-04-07T00:29:08.0000000Z;2018-04-07T00:29:08.5353797Z;9d7bd80c-a609-4b4b-b37a-5d255f283db8;6608.500000000;1.143479140;BUY
BITSTAMP_SPOT_BTC_USD;2018-04-07T00:29:16.0000000Z;2018-04-07T00:29:16.6144780Z;98e4ab8e-3d4e-474e-a30c-b9f1e7524fbe;6610.000000000;0.760681540;BUY
BITSTAMP_SPOT_BTC_USD;2018-04-07T00:29:18.0000000Z;2018-04-07T00:29:18.6927038Z;978fd729-f03d-414d-9cf3-f9d3185054a2;6618.770000000;0.035000000;BUY
BITSTAMP_SPOT_BTC_USD;2018-04-07T00:29:18.0000000Z;2018-04-07T00:29:18.8020911Z;957f5136-614c-47e9-8213-79cec4108203;6620.420000000;0.179432400;BUY
BITSTAMP_SPOT_BTC_USD;2018-04-07T00:29:18.0000000Z;2018-04-07T00:29:19.0631491Z;1df28d4f-8704-4638-8090-7a276b316df9;6620.420000000;0.058745350;SELL
BITSTAMP_SPOT_BTC_USD;2018-04-07T00:29:18.0000000Z;2018-04-07T00:29:19.1881655Z;95556c83-4f56-4b76-ad3e-831b99acda7d;6610.110000000;0.300000000;SELL
BITSTAMP_SPOT_BTC_USD;2018-04-07T00:29:19.0000000Z;2018-04-07T00:29:19.3490247Z;c865a2df-6175-4c6d-b1c9-f10073ad1511;6610.100000000;2.265100000;SELL
BITSTAMP_SPOT_BTC_USD;2018-04-07T00:29:19.0000000Z;2018-04-07T00:29:19.4427832Z;b55525fd-723b-4f9d-ab53-3fdba768e248;6609.340000000;0.222766980;SELL
BITSTAMP_SPOT_BTC_USD;2018-04-07T00:29:19.0000000Z;2018-04-07T00:29:19.5521702Z;a5ff1d9e-9994-464e-8004-b2b52556db6d;6608.490000000;0.010000000;SELL
BITSTAMP_SPOT_BTC_USD;2018-04-07T00:29:19.0000000Z;2018-04-07T00:29:19.7865707Z;3fa50209-08f2-4abd-9f3a-7ee3f2d7c862;6608.230000000;2.143387670;SELL
BITSTAMP_SPOT_BTC_USD;2018-04-07T00:29:35.0000000Z;2018-04-07T00:29:35.4918490Z;2a9b40d2-f36d-4e53-b81a-2ebfc1d7818b;6608.300000000;2.267600000;SELL
BITSTAMP_SPOT_BTC_USD;2018-04-07T00:29:35.0000000Z;2018-04-07T00:29:35.6901360Z;1f3cca40-5612-4055-b229-b89d1dd26929;6608.230000000;2.712400000;SELL
BITSTAMP_SPOT_BTC_USD;2018-04-07T00:30:07.0000000Z;2018-04-07T00:30:07.8394694Z;dd78d09f-f788-406d-95c3-c3bf40333357;6621.180000000;0.015171000;BUY
BITSTAMP_SPOT_BTC_USD;2018-04-07T00:30:52.0000000Z;2018-04-07T00:30:52.6176328Z;8d397615-e38b-4202-a935-a2fdf487cb12;6621.500000000;0.016878250;BUY
BITSTAMP_SPOT_BTC_USD;2018-04-07T00:31:05.0000000Z;2018-04-07T00:31:06.1071915Z;b5fc2620-4c6b-4840-98b1-fefb4ef4b570;6620.900000000;0.000077760;SELL
BITSTAMP_SPOT_BTC_USD;2018-04-07T00:31:05.0000000Z;2018-04-07T00:31:05.9627702Z;78074b8f-c0d0-4a12-aea6-5ac9c6838b3a;6620.900000000;0.046500000;SELL
BITSTAMP_SPOT_BTC_USD;2018-04-07T00:31:06.0000000Z;2018-04-07T00:31:06.8378617Z;aa21d4a7-82e9-4690-96ed-fdc57ffe777a;6620.520000000;0.144935890;SELL
BITSTAMP_SPOT_BTC_USD;2018-04-07T00:31:06.0000000Z;2018-04-07T00:31:06.7478952Z;7447331d-940a-4df2-b290-4235c90151cb;6620.520000000;0.143364110;SELL
BITSTAMP_SPOT_BTC_USD;2018-04-07T00:31:06.0000000Z;2018-04-07T00:31:07.1347956Z;c6b299cc-c9e5-4460-b7ed-6e67c7959908;6620.520000000;0.000053520;SELL
BITSTAMP_SPOT_BTC_USD;2018-04-07T00:31:07.0000000Z;2018-04-07T00:31:07.8850459Z;d452ccdb-ec21-42da-8789-75c555fb2aec;6617.200000000;0.015554410;SELL
BITSTAMP_SPOT_BTC_USD;2018-04-07T00:31:07.0000000Z;2018-04-07T00:31:07.7948922Z;35df6125-abb7-448c-8a7f-054d16195bfb;6617.200000000;0.043845590;SELL
BITSTAMP_SPOT_BTC_USD;2018-04-07T00:31:08.0000000Z;2018-04-07T00:31:09.1544271Z;c9c4b55c-4f5d-4866-9ecd-765f7cbc7f3a;6617.200000000;0.000079010;SELL
BITSTAMP_SPOT_BTC_USD;2018-04-07T00:31:09.0000000Z;2018-04-07T00:31:09.3888302Z;8f3e0fad-c655-44d0-9c46-7b4f4f358cf6;6615.480000000;0.033600000;SELL
BITSTAMP_SPOT_BTC_USD;2018-04-07T00:31:09.0000000Z;2018-04-07T00:31:09.8107670Z;8835a13f-ac31-4860-be74-3b49d5cd36ac;6606.390000000;0.001995600;SELL
BITSTAMP_SPOT_BTC_USD;2018-04-07T00:31:09.0000000Z;2018-04-07T00:31:09.9631929Z;54b68640-7244-4d9f-8e9f-0a61baf48570;6602.400000000;0.030469800;SELL
BITSTAMP_SPOT_BTC_USD;2018-04-07T00:31:10.0000000Z;2018-04-07T00:31:10.8577858Z;a4bd568e-bd47-4e29-ada7-9caa68156db0;6615.430000000;0.010595980;BUY
BITSTAMP_SPOT_BTC_USD;2018-04-07T00:31:20.0000000Z;2018-04-07T00:31:20.9487323Z;e376ec88-613d-431c-89fa-ef77b1117190;6611.650000000;0.011142150;BUY
BITSTAMP_SPOT_BTC_USD;2018-04-07T00:32:05.0000000Z;2018-04-07T00:32:05.4892846Z;87e53f37-6809-4b80-9ebd-ab84a09abb01;6610.990000000;0.078791430;SELL
BITSTAMP_SPOT_BTC_USD;2018-04-07T00:32:05.0000000Z;2018-04-07T00:32:05.3708231Z;31d9a1e8-95df-4340-a3a9-d34f62089004;6610.990000000;0.002808690;SELL
BITSTAMP_SPOT_BTC_USD;2018-04-07T00:32:05.0000000Z;2018-04-07T00:32:06.1524573Z;a768aa5f-9394-40ff-8f5f-92be3353051e;6610.990000000;0.119000000;BUY
BITSTAMP_SPOT_BTC_USD;2018-04-07T00:32:06.0000000Z;2018-04-07T00:32:06.3866706Z;5be9f9e9-9536-4178-b72a-757c567658bb;6601.960000000;0.090500000;BUY
BITSTAMP_SPOT_BTC_USD;2018-04-07T00:32:06.0000000Z;2018-04-07T00:32:06.6300432Z;f13514ae-6376-4aa9-a900-356e55658768;6600.990000000;0.534417530;SELL
BITSTAMP_SPOT_BTC_USD;2018-04-07T00:32:21.0000000Z;2018-04-07T00:32:22.1226026Z;5d016ed5-8765-41ac-b0f8-76735224346b;6610.640000000;0.001115940;SELL
BITSTAMP_SPOT_BTC_USD;2018-04-07T00:32:30.0000000Z;2018-04-07T00:32:30.3109564Z;3edc90ba-147a-4b67-a7b9-88e183a7a924;6607.800000000;0.441296650;BUY
BITSTAMP_SPOT_BTC_USD;2018-04-07T00:32:31.0000000Z;2018-04-07T00:32:31.3735611Z;aaacf92a-737f-4d78-9a4c-f5f457696fbf;6607.800000000;0.015133630;BUY
BITSTAMP_SPOT_BTC_USD;2018-04-07T00:32:51.0000000Z;2018-04-07T00:32:51.4817144Z;9d719f8d-bf88-4513-95de-89b06b26a9f2;6610.830000000;0.001146950;BUY
BITSTAMP_SPOT_BTC_USD;2018-04-07T00:32:55.0000000Z;2018-04-07T00:32:55.5480133Z;3d3d1266-f0a2-46da-a8a3-53513af07088;6610.830000000;0.131753500;BUY
BITSTAMP_SPOT_BTC_USD;2018-04-07T00:32:59.0000000Z;2018-04-07T00:33:00.0484847Z;bdcf6cf7-2780-47a5-812e-ac57f5e42e14;6610.830000000;0.378167340;BUY
BITSTAMP_SPOT_BTC_USD;2018-04-07T00:33:00.0000000Z;2018-04-07T00:33:03.9082776Z;2c4f996a-6fff-46cf-b6c0-57d0f4f88e91;6610.830000000;0.048000000;BUY
BITSTAMP_SPOT_BTC_USD;2018-04-07T00:33:04.0000000Z;2018-04-07T00:33:04.9521867Z;3571fc62-3d72-41fa-b2f1-d335ff87cb14;6609.190000000;0.500000000;BUY
BITSTAMP_SPOT_BTC_USD;2018-04-07T00:33:06.0000000Z;2018-04-07T00:33:06.5647816Z;a2d555b6-0008-4d08-acc7-beac851887c6;6609.190000000;0.296102850;BUY
BITSTAMP_SPOT_BTC_USD;2018-04-07T00:33:07.0000000Z;2018-04-07T00:33:08.0805663Z;c4486ef9-6a5e-499a-8a2f-2af16a299835;6609.190000000;0.500000000;BUY
BITSTAMP_SPOT_BTC_USD;2018-04-07T00:33:12.0000000Z;2018-04-07T00:33:13.0780366Z;25addf3c-96d9-4b93-8f4a-f7579a9c35cf;6609.190000000;0.500000000;BUY
BITSTAMP_SPOT_BTC_USD;2018-04-07T00:33:13.0000000Z;2018-04-07T00:33:13.2842414Z;f3212d63-8c8e-4ce9-b2eb-0625bfb7cf74;6609.190000000;0.500000000;BUY
BITSTAMP_SPOT_BTC_USD;2018-04-07T00:33:13.0000000Z;2018-04-07T00:33:13.7061612Z;7c059e61-9e5d-4ac5-82e5-98ae644a2e1a;6609.190000000;0.226956710;BUY
BITSTAMP_SPOT_BTC_USD;2018-04-07T00:33:14.0000000Z;2018-04-07T00:33:15.0969366Z;aec06d77-ccdb-464b-9fb4-dc8ef568a52e;6608.530000000;0.001117910;SELL
BITSTAMP_SPOT_BTC_USD;2018-04-07T00:33:16.0000000Z;2018-04-07T00:33:17.1723614Z;fc00903d-9ae3-4743-9829-d29e2cc0fe8a;6608.370000000;0.087270470;BUY
BITSTAMP_SPOT_BTC_USD;2018-04-07T00:33:37.0000000Z;2018-04-07T00:33:38.0028942Z;ea73e6fc-2f01-49db-a0cf-dd12726fd8f0;6607.560000000;0.217959260;BUY
BITSTAMP_SPOT_BTC_USD;2018-04-07T00:33:37.0000000Z;2018-04-07T00:33:38.1462552Z;92ba7dc1-b4f8-4322-b259-b61195c64ad1;6607.560000000;0.110675610;BUY
BITSTAMP_SPOT_BTC_USD;2018-04-07T00:33:42.0000000Z;2018-04-07T00:33:42.9097273Z;6b0c0757-7fdc-4d80-87f2-6e9c46d6544f;6607.560000000;0.440793170;BUY
BITSTAMP_SPOT_BTC_USD;2018-04-07T00:33:48.0000000Z;2018-04-07T00:33:49.0536760Z;b7a3c0fc-a07e-4070-912a-a46ddc270e42;6607.540000000;0.034960060;BUY
BITSTAMP_SPOT_BTC_USD;2018-04-07T00:33:52.0000000Z;2018-04-07T00:33:52.5696561Z;5930f38a-34af-4c36-bfde-4fd6e3cd2d72;6604.240000000;0.017341680;BUY
BITSTAMP_SPOT_BTC_USD;2018-04-07T00:34:09.0000000Z;2018-04-07T00:34:09.9917928Z;5cc8bde0-e68e-4913-9ec8-e985af4ef452;6609.170000000;0.018946450;BUY
BITSTAMP_SPOT_BTC_USD;2018-04-07T00:34:09.0000000Z;2018-04-07T00:34:10.1168095Z;f80997b3-c844-4aa0-a8c4-27a31516daa9;6609.170000000;0.008338740;BUY
BITSTAMP_SPOT_BTC_USD;2018-04-07T00:34:10.0000000Z;2018-04-07T00:34:10.8982845Z;f3ccb8e4-81da-4107-9694-dfea2b827d36;6609.170000000;0.001335750;BUY
BITSTAMP_SPOT_BTC_USD;2018-04-07T00:34:14.0000000Z;2018-04-07T00:34:15.0731787Z;e408f744-261b-4d3c-8120-754e33e9da24;6608.340000000;0.018915490;BUY
BITSTAMP_SPOT_BTC_USD;2018-04-07T00:34:15.0000000Z;2018-04-07T00:34:16.2425407Z;ac3939fd-caef-45d9-8e00-33250cd0866e;6608.340000000;0.308800000;BUY
BITSTAMP_SPOT_BTC_USD;2018-04-07T00:34:16.0000000Z;2018-04-07T00:34:16.5887583Z;5a8ee3d7-d5e3-467a-847c-1106c10bfae8;6608.340000000;0.000002410;BUY
BITSTAMP_SPOT_BTC_USD;2018-04-07T00:34:16.0000000Z;2018-04-07T00:34:16.6983700Z;f68b5df0-94c0-41ba-8bed-4b60d29c6fb4;6609.170000000;0.025297590;BUY
BITSTAMP_SPOT_BTC_USD;2018-04-07T00:34:35.0000000Z;2018-04-07T00:34:36.1668225Z;d3a14a0c-bb7e-429f-8770-ad7111c6c395;6609.170000000;0.000027920;BUY
BITSTAMP_SPOT_BTC_USD;2018-04-07T00:34:37.0000000Z;2018-04-07T00:34:37.3856928Z;af42ee61-ae8e-44eb-88dc-cde25111139e;6613.850000000;0.016385900;BUY
BITSTAMP_SPOT_BTC_USD;2018-04-07T00:34:37.0000000Z;2018-04-07T00:34:37.5128714Z;f0f092dc-7eb1-4924-89b5-df021e575633;6614.620000000;0.063358360;BUY
BITSTAMP_SPOT_BTC_USD;2018-04-07T00:34:37.0000000Z;2018-04-07T00:34:37.9817779Z;c9e0cdcb-f4f5-4ad4-a686-e91cc10cb3ab;6620.200000000;0.016385900;BUY
BITSTAMP_SPOT_BTC_USD;2018-04-07T00:34:40.0000000Z;2018-04-07T00:34:40.6829630Z;90caf655-a763-414a-bb2c-e3fe77a50ae7;6618.360000000;0.011642590;BUY
BITSTAMP_SPOT_BTC_USD;2018-04-07T00:34:41.0000000Z;2018-04-07T00:34:41.3414007Z;813f16ba-5cf0-4124-9258-4413f1f83666;6617.680000000;0.036600000;SELL
BITSTAMP_SPOT_BTC_USD;2018-04-07T00:34:47.0000000Z;2018-04-07T00:34:47.2327624Z;96f143ed-3e63-4976-91e7-7d9f32642189;6613.160000000;0.000819290;BUY
BITSTAMP_SPOT_BTC_USD;2018-04-07T00:34:47.0000000Z;2018-04-07T00:34:48.1838541Z;a1d7af61-fab3-4a5d-a88c-d4ddfbf77795;6618.490000000;0.012168930;BUY
BITSTAMP_SPOT_BTC_USD;2018-04-07T00:35:02.0000000Z;2018-04-07T00:35:03.2013032Z;4d1c81a7-fdb6-4654-8787-af1f96ac3b0e;6617.680000000;0.025000000;BUY
BITSTAMP_SPOT_BTC_USD;2018-04-07T00:35:03.0000000Z;2018-04-07T00:35:03.3593310Z;217ab804-cbe8-46b4-b256-3a72a521c5d6;6618.300000000;0.018446000;BUY
BITSTAMP_SPOT_BTC_USD;2018-04-07T00:35:09.0000000Z;2018-04-07T00:35:10.1881786Z;c9a962de-10bc-4fb0-92ea-dc51184b72e4;6617.680000000;0.035000000;BUY
BITSTAMP_SPOT_BTC_USD;2018-04-07T00:35:10.0000000Z;2018-04-07T00:35:10.3114986Z;e5e22e8a-8294-47ce-ba60-60c33e18671a;6622.760000000;0.001843000;BUY
BITSTAMP_SPOT_BTC_USD;2018-04-07T00:35:42.0000000Z;2018-04-07T00:35:42.6434896Z;047a1464-dc65-452b-b289-4f5acadb8ff6;6623.300000000;0.177672920;BUY
BITSTAMP_SPOT_BTC_USD;2018-04-07T00:35:48.0000000Z;2018-04-07T00:35:48.8317255Z;4940948f-dcd8-4b84-8351-9ebd71fc945f;6616.930000000;3.000000000;SELL
BITSTAMP_SPOT_BTC_USD;2018-04-07T00:35:55.0000000Z;2018-04-07T00:35:55.8962828Z;657f19fd-8ba2-4d32-bf48-e3fc6bac1814;6622.720000000;0.011100000;SELL
BITSTAMP_SPOT_BTC_USD;2018-04-07T00:35:56.0000000Z;2018-04-07T00:35:56.7087263Z;3bc4a670-1b30-41fe-8732-d1cac8ebd7c0;6622.720000000;0.000044610;SELL
BITSTAMP_SPOT_BTC_USD;2018-04-07T00:35:57.0000000Z;2018-04-07T00:35:57.8171779Z;bc47d554-3e36-4773-b46c-6640935bb63d;6616.930000000;0.177995250;SELL
BITSTAMP_SPOT_BTC_USD;2018-04-07T00:35:59.0000000Z;2018-04-07T00:35:59.3329818Z;4f3a287b-9995-460f-ada6-c4b1bfaef4b3;6616.930000000;0.500000000;SELL
BITSTAMP_SPOT_BTC_USD;2018-04-07T00:35:59.0000000Z;2018-04-07T00:35:59.4423730Z;3dfc538c-f01a-466a-9e01-d316546032ca;6616.930000000;0.500000000;SELL
BITSTAMP_SPOT_BTC_USD;2018-04-07T00:35:59.0000000Z;2018-04-07T00:35:59.7549373Z;3718a920-9d39-475e-a8c3-6c6b60a746f2;6616.930000000;0.500000000;SELL
BITSTAMP_SPOT_BTC_USD;2018-04-07T00:35:59.0000000Z;2018-04-07T00:35:59.8496838Z;cb86414c-fd0c-46b2-82f6-bfa8bfbedefd;6616.930000000;0.500000000;SELL
BITSTAMP_SPOT_BTC_USD;2018-04-07T00:35:59.0000000Z;2018-04-07T00:36:00.2393416Z;1e6ab221-b1dc-4c46-99cb-5048fc69a9d1;6616.930000000;0.500000000;SELL
BITSTAMP_SPOT_BTC_USD;2018-04-07T00:36:03.0000000Z;2018-04-07T00:36:03.2709512Z;855a4dea-f8c8-44fd-9384-8bef545ba080;6620.100000000;0.799711480;BUY
BITSTAMP_SPOT_BTC_USD;2018-04-07T00:36:19.0000000Z;2018-04-07T00:36:19.5547009Z;acd0461e-6968-4051-b768-fa308c52cf4f;6617.300000000;0.500000000;BUY
BITSTAMP_SPOT_BTC_USD;2018-04-07T00:36:20.0000000Z;2018-04-07T00:36:20.3516706Z;fe52394f-f6f2-4345-afb7-7f7ce610ccbb;6617.300000000;0.009517000;BUY
BITSTAMP_SPOT_BTC_USD;2018-04-07T00:36:33.0000000Z;2018-04-07T00:36:33.4001012Z;1be67a7f-4d2c-427f-a5ad-a9226866562c;6610.000000000;0.364103910;SELL
BITSTAMP_SPOT_BTC_USD;2018-04-07T00:36:42.0000000Z;2018-04-07T00:36:43.1200207Z;ba9d4451-027d-48b6-9d8e-c385e2b9078f;6618.280000000;0.500000000;BUY
BITSTAMP_SPOT_BTC_USD;2018-04-07T00:36:43.0000000Z;2018-04-07T00:36:43.6355764Z;4b56b5e1-8539-432f-bb29-bd582073748a;6618.280000000;0.500000000;BUY
BITSTAMP_SPOT_BTC_USD;2018-04-07T00:36:45.0000000Z;2018-04-07T00:36:46.0109874Z;8b8a5760-8e14-4b38-b77f-151c5c8cca43;6618.280000000;0.346691460;BUY
BITSTAMP_SPOT_BTC_USD;2018-04-07T00:36:45.0000000Z;2018-04-07T00:36:46.1828837Z;c13f8fd8-ec67-47cc-9ff2-333730768ef4;6618.280000000;0.500000000;BUY
BITSTAMP_SPOT_BTC_USD;2018-04-07T00:36:46.0000000Z;2018-04-07T00:36:46.2923998Z;300866f0-92c2-486e-a253-e83bbc5d9d30;6618.280000000;0.500000000;BUY
BITSTAMP_SPOT_BTC_USD;2018-04-07T00:36:48.0000000Z;2018-04-07T00:36:48.3862680Z;c7d51d24-c94b-48f4-b3f3-b2a3ce276e40;6611.320000000;0.056036990;SELL
BITSTAMP_SPOT_BTC_USD;2018-04-07T00:36:50.0000000Z;2018-04-07T00:36:50.2768942Z;a60ae09b-82a0-45e0-951b-59e68979a2b4;6616.290000000;0.038700000;BUY
BITSTAMP_SPOT_BTC_USD;2018-04-07T00:36:50.0000000Z;2018-04-07T00:36:50.6991811Z;dcedf195-9997-4a9a-bf54-4788fb05cbab;6616.290000000;0.066000000;BUY
BITSTAMP_SPOT_BTC_USD;2018-04-07T00:36:50.0000000Z;2018-04-07T00:36:50.4800408Z;4d09ade1-836a-4543-9943-3bf867cebf62;6616.290000000;1.003735110;BUY
BITSTAMP_SPOT_BTC_USD;2018-04-07T00:36:55.0000000Z;2018-04-07T00:36:55.3399330Z;0fc65858-01ba-44cc-9122-a9e0b17d2967;6616.290000000;0.038843520;BUY
BITSTAMP_SPOT_BTC_USD;2018-04-07T00:37:03.0000000Z;2018-04-07T00:37:03.9506275Z;4d163ae2-1c5c-4fc7-bb3e-57bb8df0e57e;6615.290000000;0.137408940;BUY
BITSTAMP_SPOT_BTC_USD;2018-04-07T00:37:04.0000000Z;2018-04-07T00:37:04.3413012Z;f08f6e07-156b-4097-a0a5-c00a7fff1ed7;6615.290000000;0.000022100;BUY
BITSTAMP_SPOT_BTC_USD;2018-04-07T00:37:04.0000000Z;2018-04-07T00:37:04.6377885Z;c750989a-80a9-4391-aff3-f4fff7cec937;6622.700000000;0.102386840;BUY
BITSTAMP_SPOT_BTC_USD;2018-04-07T00:37:04.0000000Z;2018-04-07T00:37:04.4665591Z;5d75fa42-93bd-40f7-91d1-feba06441540;6615.290000000;0.035000000;BUY
BITSTAMP_SPOT_BTC_USD;2018-04-07T00:37:51.0000000Z;2018-04-07T00:37:51.2531568Z;77fc6915-725a-4a35-a5b8-4b38f531a589;6621.200000000;0.038126390;BUY
BITSTAMP_SPOT_BTC_USD;2018-04-07T00:38:11.0000000Z;2018-04-07T00:38:11.2542109Z;2287c8b1-f0ca-49a0-8998-600d455ccbea;6621.250000000;0.001307580;BUY
BITSTAMP_SPOT_BTC_USD;2018-04-07T00:39:05.0000000Z;2018-04-07T00:39:05.9943814Z;d1aed5ce-c1c4-43b7-976d-ecf7596468e5;6620.440000000;0.004337550;SELL
BITSTAMP_SPOT_BTC_USD;2018-04-07T00:39:05.0000000Z;2018-04-07T00:39:06.0881390Z;1dc7b477-03f5-4ac6-afc9-003453fc7d4c;6620.440000000;0.050154120;SELL
BITSTAMP_SPOT_BTC_USD;2018-04-07T00:39:05.0000000Z;2018-04-07T00:39:06.1975346Z;8f70e24c-6282-4885-bc28-3b159ba845f8;6620.220000000;0.445508330;SELL
BITSTAMP_SPOT_BTC_USD;2018-04-07T00:39:06.0000000Z;2018-04-07T00:39:06.5256336Z;7ffa77b9-ce83-4bbf-9a10-9c5adac24226;6620.220000000;0.500000000;SELL
BITSTAMP_SPOT_BTC_USD;2018-04-07T00:39:06.0000000Z;2018-04-07T00:39:06.6038358Z;05aab83e-cb33-4ed9-811b-8e470a886636;6620.220000000;0.260491670;SELL
BITSTAMP_SPOT_BTC_USD;2018-04-07T00:39:29.0000000Z;2018-04-07T00:39:29.3876055Z;80300565-f7b2-4cd7-ac23-ca3ca8e2a187;6619.150000000;0.005400000;BUY
BITSTAMP_SPOT_BTC_USD;2018-04-07T00:39:46.0000000Z;2018-04-07T00:39:47.0768494Z;f052e83a-1178-4ad2-ac47-22e5eeefd3c7;6620.440000000;0.072283430;SELL
BITSTAMP_SPOT_BTC_USD;2018-04-07T00:40:03.0000000Z;2018-04-07T00:40:03.2660697Z;aee7acab-e988-4b26-b383-7f2bc68335e7;6622.430000000;0.090511000;BUY
BITSTAMP_SPOT_BTC_USD;2018-04-07T00:40:14.0000000Z;2018-04-07T00:40:15.2204519Z;5e17a03c-bf34-4277-bf48-10181f3a8539;6621.100000000;0.026482020;BUY
BITSTAMP_SPOT_BTC_USD;2018-04-07T00:40:32.0000000Z;2018-04-07T00:40:33.1287275Z;066df9c3-994a-43ab-9190-0c7363a18ace;6621.100000000;0.006650260;BUY
BITSTAMP_SPOT_BTC_USD;2018-04-07T00:40:58.0000000Z;2018-04-07T00:40:58.3513869Z;03475d36-b025-459a-9880-4fa1fda43317;6614.630000000;0.002018070;SELL
BITSTAMP_SPOT_BTC_USD;2018-04-07T00:41:11.0000000Z;2018-04-07T00:41:11.7592115Z;1bc986d7-d80e-4606-b91e-bef1b99aeb52;6618.770000000;0.003139480;BUY
BITSTAMP_SPOT_BTC_USD;2018-04-07T00:41:57.0000000Z;2018-04-07T00:41:57.3271558Z;c215db31-5391-4475-9236-652c86df4621;6618.060000000;0.012383560;SELL
BITSTAMP_SPOT_BTC_USD;2018-04-07T00:41:57.0000000Z;2018-04-07T00:41:58.0475583Z;b8bdac79-ce91-4519-8a5b-ef6822f2a83e;6618.060000000;0.012540980;BUY
BITSTAMP_SPOT_BTC_USD;2018-04-07T00:41:59.0000000Z;2018-04-07T00:41:59.3431227Z;78bcbfd9-028c-4be4-aa2c-d08d09dda350;6614.630000000;0.039259600;SELL
BITSTAMP_SPOT_BTC_USD;2018-04-07T00:41:59.0000000Z;2018-04-07T00:41:59.4852113Z;21289870-d4f7-4e55-9731-f2a7bbcc84bb;6610.000000000;0.935815860;SELL
BITSTAMP_SPOT_BTC_USD;2018-04-07T00:43:28.0000000Z;2018-04-07T00:43:28.7446813Z;e844d931-ff15-44d7-b514-02d22d39b0d7;6618.720000000;0.035000000;BUY
BITSTAMP_SPOT_BTC_USD;2018-04-07T00:43:30.0000000Z;2018-04-07T00:43:30.4789168Z;a3df018c-7edf-4a8b-a245-3dddd4cba494;6620.100000000;0.026558510;BUY
BITSTAMP_SPOT_BTC_USD;2018-04-07T00:43:33.0000000Z;2018-04-07T00:43:33.6042874Z;d7beaa78-597c-4a7d-a232-6920942c3b5a;6620.100000000;0.014313980;BUY
BITSTAMP_SPOT_BTC_USD;2018-04-07T00:44:55.0000000Z;2018-04-07T00:44:56.0517199Z;1f96f82d-1fb9-4c0a-b02d-e7d34e89bf18;6619.940000000;0.138433000;SELL
BITSTAMP_SPOT_BTC_USD;2018-04-07T00:44:55.0000000Z;2018-04-07T00:44:56.1610889Z;156dd0e4-afd4-4144-9e7d-23a19884398a;6619.940000000;0.012535260;SELL
BITSTAMP_SPOT_BTC_USD;2018-04-07T00:44:59.0000000Z;2018-04-07T00:45:00.1303882Z;63c30b01-cde6-4c3e-b92d-7ef67c232281;6618.060000000;0.002363020;SELL
BITSTAMP_SPOT_BTC_USD;2018-04-07T00:44:59.0000000Z;2018-04-07T00:45:00.2554085Z;2b5ed830-940c-45fe-bf10-291665e5c544;6618.060000000;0.001114700;SELL
BITSTAMP_SPOT_BTC_USD;2018-04-07T00:45:00.0000000Z;2018-04-07T00:45:00.3647967Z;30bcc7c5-f327-49b3-8ddc-16f3ec75af15;6618.060000000;0.004052240;SELL
BITSTAMP_SPOT_BTC_USD;2018-04-07T00:45:00.0000000Z;2018-04-07T00:45:00.4429321Z;20c98ebe-865f-4484-a3a9-23013f7e5710;6618.060000000;0.067810800;SELL
BITSTAMP_SPOT_BTC_USD;2018-04-07T00:45:00.0000000Z;2018-04-07T00:45:00.5201925Z;6c7c8012-3c36-4b54-a2a8-1139ea9df7d7;6618.060000000;0.001059240;SELL
BITSTAMP_SPOT_BTC_USD;2018-04-07T00:46:03.0000000Z;2018-04-07T00:46:03.3709566Z;8752d36e-f58f-4f61-a66c-673d75be87ec;6618.070000000;0.004784000;BUY
BITSTAMP_SPOT_BTC_USD;2018-04-07T00:46:16.0000000Z;2018-04-07T00:46:16.9678526Z;5a1607f8-196c-41d8-b135-f734127fa997;6618.070000000;0.500000000;BUY
BITSTAMP_SPOT_BTC_USD;2018-04-07T00:46:17.0000000Z;2018-04-07T00:46:17.5443307Z;f46fd86c-b31a-4872-a16a-41b24f3855ba;6618.070000000;0.260491670;BUY
BITSTAMP_SPOT_BTC_USD;2018-04-07T00:46:18.0000000Z;2018-04-07T00:46:18.7319567Z;1e4ad817-92fa-4399-b0c4-b85f22c54486;6618.070000000;0.500000000;BUY
BITSTAMP_SPOT_BTC_USD;2018-04-07T00:46:42.0000000Z;2018-04-07T00:46:42.4083682Z;fcf624f8-7635-4c4b-a3c3-2d3721abd72b;6618.070000000;0.214781650;BUY
BITSTAMP_SPOT_BTC_USD;2018-04-07T00:48:46.0000000Z;2018-04-07T00:48:46.9045799Z;07c9b613-6470-441c-808d-3b7bf6495e68;6618.070000000;0.415162470;BUY
BITSTAMP_SPOT_BTC_USD;2018-04-07T00:48:46.0000000Z;2018-04-07T00:48:47.0920980Z;993886b7-7bda-41e3-a00e-88dac9d9b0ec;6618.070000000;0.035000000;BUY
BITSTAMP_SPOT_BTC_USD;2018-04-07T00:50:39.0000000Z;2018-04-07T00:50:39.6715917Z;c7b6b96a-7797-4f57-a6cd-02f37d0c005f;6619.720000000;0.009504020;BUY
BITSTAMP_SPOT_BTC_USD;2018-04-07T00:50:56.0000000Z;2018-04-07T00:50:56.9497175Z;66af5316-3abb-45c9-9661-7f8350c39b9f;6619.720000000;0.025495980;BUY
BITSTAMP_SPOT_BTC_USD;2018-04-07T00:50:56.0000000Z;2018-04-07T00:50:57.0589719Z;6696ce7a-9c0a-406a-bb60-5bdc82fcad86;6621.040000000;0.009550820;BUY
BITSTAMP_SPOT_BTC_USD;2018-04-07T00:50:57.0000000Z;2018-04-07T00:50:57.2308675Z;b04d6de0-f55f-447f-b229-12f3c33c2772;6621.040000000;0.025529780;BUY
BITSTAMP_SPOT_BTC_USD;2018-04-07T00:51:06.0000000Z;2018-04-07T00:51:06.2318469Z;0f5fb5c7-c4fa-4c22-85f2-b75fb9bee0f1;6621.040000000;0.054000000;BUY
BITSTAMP_SPOT_BTC_USD;2018-04-07T00:51:08.0000000Z;2018-04-07T00:51:08.3781981Z;aa7f19d1-73f5-4729-9407-4b7d690f335f;6621.040000000;0.938021150;BUY
BITSTAMP_SPOT_BTC_USD;2018-04-07T00:51:08.0000000Z;2018-04-07T00:51:08.5031582Z;cdfa2a09-fde2-42d3-b2e9-4d1c49a35c37;6621.040000000;0.034937780;BUY
BITSTAMP_SPOT_BTC_USD;2018-04-07T00:51:43.0000000Z;2018-04-07T00:51:43.9702139Z;63b3c3ec-0fb6-4701-8761-c07a3a7d4556;6620.380000000;0.027456600;SELL
BITSTAMP_SPOT_BTC_USD;2018-04-07T00:51:43.0000000Z;2018-04-07T00:51:44.0795731Z;4c5efc87-5754-4dc9-8350-4a645563e7fe;6620.380000000;0.005683530;SELL
BITSTAMP_SPOT_BTC_USD;2018-04-07T00:51:57.0000000Z;2018-04-07T00:51:58.1661166Z;028d3e10-9ab4-4c96-8bde-1265fed7f98b;6619.070000000;0.012846870;BUY
BITSTAMP_SPOT_BTC_USD;2018-04-07T00:52:36.0000000Z;2018-04-07T00:52:36.4220234Z;b38383c3-bc13-43fd-a151-a5cff5421ca5;6620.720000000;0.035000000;BUY
BITSTAMP_SPOT_BTC_USD;2018-04-07T00:52:36.0000000Z;2018-04-07T00:52:36.5157841Z;0e28a478-2a91-4b67-bb53-068127b0c7f6;6622.050000000;0.286596000;BUY
BITSTAMP_SPOT_BTC_USD;2018-04-07T00:53:06.0000000Z;2018-04-07T00:53:06.4007814Z;0fc09fc9-41b8-4141-8784-b8186d2b831b;6624.850000000;0.182505610;BUY
BITSTAMP_SPOT_BTC_USD;2018-04-07T00:53:06.0000000Z;2018-04-07T00:53:06.5371923Z;0493d51e-85e9-4212-8ea1-4a912bccfcc4;6624.850000000;0.035000000;BUY
BITSTAMP_SPOT_BTC_USD;2018-04-07T00:53:06.0000000Z;2018-04-07T00:53:06.6309542Z;d657050c-6983-41a3-9ba7-29f5ab532d3d;6625.000000000;1.782494390;BUY
BITSTAMP_SPOT_BTC_USD;2018-04-07T00:53:09.0000000Z;2018-04-07T00:53:09.4167262Z;6e45d1a4-9293-47f0-a37c-a0ede829e664;6621.390000000;0.001502930;SELL
BITSTAMP_SPOT_BTC_USD;2018-04-07T00:53:34.0000000Z;2018-04-07T00:53:34.9663276Z;98f31d79-bc76-4160-91bf-4c644d09a64a;6620.100000000;0.223171040;SELL
BITSTAMP_SPOT_BTC_USD;2018-04-07T00:53:39.0000000Z;2018-04-07T00:53:39.8224331Z;6245a451-21f5-4f1e-a214-9c8d2667d907;6620.110000000;0.002501830;BUY
BITSTAMP_SPOT_BTC_USD;2018-04-07T00:53:53.0000000Z;2018-04-07T00:53:53.9334806Z;a4eaa564-c465-43d5-a30b-a0cddb40f621;6620.060000000;0.437657790;SELL
BITSTAMP_SPOT_BTC_USD;2018-04-07T00:53:53.0000000Z;2018-04-07T00:53:54.0429035Z;b57dfe56-bf9b-4d5e-8a60-7ce09b33a4ba;6620.000000000;0.062342210;SELL
BITSTAMP_SPOT_BTC_USD;2018-04-07T00:53:54.0000000Z;2018-04-07T00:53:54.9179917Z;b6371229-d931-4058-bfa7-19bc3f300091;6620.000000000;0.500000000;SELL
BITSTAMP_SPOT_BTC_USD;2018-04-07T00:53:55.0000000Z;2018-04-07T00:53:55.5787664Z;9bb32559-dc26-4a23-a7f3-bf7339c5a19b;6620.000000000;0.062342210;SELL
BITSTAMP_SPOT_BTC_USD;2018-04-07T00:53:55.0000000Z;2018-04-07T00:53:55.8131871Z;0b89d910-3ced-4f01-bae4-774c77555b21;6620.000000000;0.500000000;SELL
BITSTAMP_SPOT_BTC_USD;2018-04-07T00:53:55.0000000Z;2018-04-07T00:53:55.3086688Z;3d322644-c440-4337-aa4c-95bfd9792b04;6620.000000000;0.500000000;SELL
BITSTAMP_SPOT_BTC_USD;2018-04-07T00:53:56.0000000Z;2018-04-07T00:53:56.2819890Z;270f9726-3637-42c1-a9ed-92d34c9553a0;6620.000000000;0.362468710;SELL
BITSTAMP_SPOT_BTC_USD;2018-04-07T00:53:56.0000000Z;2018-04-07T00:53:56.4226094Z;6af38cf1-34e2-4c0e-8020-a2b52cf593b9;6619.450000000;0.015334400;SELL
BITSTAMP_SPOT_BTC_USD;2018-04-07T00:53:56.0000000Z;2018-04-07T00:53:56.6416931Z;2097b448-8974-4dba-88ef-f3fb0709afa3;6619.060000000;0.001132350;SELL
BITSTAMP_SPOT_BTC_USD;2018-04-07T00:53:56.0000000Z;2018-04-07T00:53:56.5276815Z;9e0ec302-c3f1-4160-ae8f-ac2d1b0590b4;6619.450000000;0.013916290;SELL
BITSTAMP_SPOT_BTC_USD;2018-04-07T00:53:56.0000000Z;2018-04-07T00:53:56.7464462Z;bea5d29a-61ae-4a87-bcf1-6c8dfad812dc;6619.060000000;0.107148250;SELL
BITSTAMP_SPOT_BTC_USD;2018-04-07T00:55:19.0000000Z;2018-04-07T00:55:19.6624722Z;0e1515e4-190c-40e0-a8fe-a8c0ab366f12;6620.110000000;0.500000000;BUY
BITSTAMP_SPOT_BTC_USD;2018-04-07T00:55:19.0000000Z;2018-04-07T00:55:20.2127171Z;059ef11d-2982-4923-b3e9-e0deb92c2943;6620.110000000;0.500000000;BUY
BITSTAMP_SPOT_BTC_USD;2018-04-07T00:55:20.0000000Z;2018-04-07T00:55:20.4438265Z;df006733-7de7-4101-a1a7-3e5b59e8b0a5;6620.110000000;0.500000000;BUY
BITSTAMP_SPOT_BTC_USD;2018-04-07T00:56:01.0000000Z;2018-04-07T00:56:01.6077234Z;2b02da26-ce0e-4a08-9acf-97bcca0c39a1;6620.110000000;0.497518400;BUY
BITSTAMP_SPOT_BTC_USD;2018-04-07T00:56:01.0000000Z;2018-04-07T00:56:01.7485090Z;ae7f1873-df24-4a99-93f1-077fd5219799;6620.110000000;0.035000000;BUY
BITSTAMP_SPOT_BTC_USD;2018-04-07T00:56:01.0000000Z;2018-04-07T00:56:01.8577481Z;00dab550-eb38-4f82-b494-815f565ae8ac;6621.430000000;0.467481600;BUY
BITSTAMP_SPOT_BTC_USD;2018-04-07T00:56:03.0000000Z;2018-04-07T00:56:03.7641995Z;a87a4f9f-ce43-42ef-a3c9-10a61dab772d;6621.430000000;0.500000000;BUY
BITSTAMP_SPOT_BTC_USD;2018-04-07T00:56:03.0000000Z;2018-04-07T00:56:03.9360937Z;f9cb98a9-33e3-4471-9f8e-495b7b13164c;6621.430000000;0.500000000;BUY
BITSTAMP_SPOT_BTC_USD;2018-04-07T00:56:56.0000000Z;2018-04-07T00:56:56.7575580Z;0c9aba5c-9ae9-48d1-a8e2-870852eadf13;6619.460000000;2.000030930;BUY
BITSTAMP_SPOT_BTC_USD;2018-04-07T00:57:01.0000000Z;2018-04-07T00:57:01.7107371Z;72856303-3551-4346-a76d-904607423d57;6620.110000000;0.035000000;BUY
BITSTAMP_SPOT_BTC_USD;2018-04-07T00:57:01.0000000Z;2018-04-07T00:57:01.8200583Z;b7d87a86-04ca-4a8c-a2c2-4d4e87b05b81;6621.430000000;0.027342210;BUY
BITSTAMP_SPOT_BTC_USD;2018-04-07T00:57:02.0000000Z;2018-04-07T00:57:02.4294318Z;cd346a2b-cc4c-4955-8cdf-ee2e665c6cb8;6621.430000000;0.496458470;BUY
BITSTAMP_SPOT_BTC_USD;2018-04-07T00:57:02.0000000Z;2018-04-07T00:57:02.6169331Z;834ee5f6-6655-43d2-aab0-020d91bdef67;6621.430000000;0.018801560;BUY
BITSTAMP_SPOT_BTC_USD;2018-04-07T00:57:03.0000000Z;2018-04-07T00:57:03.5544332Z;806e8f85-fbcf-460c-8f7b-047ad778575a;6621.430000000;0.035000000;SELL
BITSTAMP_SPOT_BTC_USD;2018-04-07T00:57:08.0000000Z;2018-04-07T00:57:08.9912518Z;213af595-b3e4-4872-99df-2963a172726a;6621.440000000;0.297391200;BUY
BITSTAMP_SPOT_BTC_USD;2018-04-07T00:57:12.0000000Z;2018-04-07T00:57:13.2083118Z;5ff14b7c-25ea-4f66-af92-9cef97296224;6621.440000000;0.297400000;SELL
BITSTAMP_SPOT_BTC_USD;2018-04-07T00:57:13.0000000Z;2018-04-07T00:57:13.4895952Z;aad0e605-b73a-4b2c-a119-4727aefec6ca;6619.450000000;0.027165210;SELL
BITSTAMP_SPOT_BTC_USD;2018-04-07T00:57:13.0000000Z;2018-04-07T00:57:13.5677608Z;eaa597b7-e55d-4279-8d5b-2eb8e2a654aa;6619.450000000;0.027856970;SELL
BITSTAMP_SPOT_BTC_USD;2018-04-07T00:57:13.0000000Z;2018-04-07T00:57:13.6614906Z;2880c14e-d6fb-4b8b-9eb4-53ba9250fa98;6619.450000000;0.004456800;SELL
BITSTAMP_SPOT_BTC_USD;2018-04-07T00:57:13.0000000Z;2018-04-07T00:57:13.8490158Z;ad7f3fa9-a791-46a6-8cba-61b5b19f722b;6619.450000000;0.001114470;SELL
BITSTAMP_SPOT_BTC_USD;2018-04-07T00:57:13.0000000Z;2018-04-07T00:57:14.0677878Z;c1c9b6b9-401d-454c-9c56-30497390c2d2;6619.450000000;2.261800000;BUY
BITSTAMP_SPOT_BTC_USD;2018-04-07T00:57:13.0000000Z;2018-04-07T00:57:13.3667142Z;14963a91-6e5b-4ab1-a73d-cf20ea19269f;6621.120000000;8.757181000;SELL
BITSTAMP_SPOT_BTC_USD;2018-04-07T00:57:13.0000000Z;2018-04-07T00:57:13.7418984Z;a89077e8-8e07-4c50-9c1e-3669f67b1400;6619.450000000;0.137392930;SELL
BITSTAMP_SPOT_BTC_USD;2018-04-07T00:57:14.0000000Z;2018-04-07T00:57:14.3668436Z;e70cdf9a-9a81-4971-98e5-2655f97aed19;6619.450000000;0.485632620;BUY
BITSTAMP_SPOT_BTC_USD;2018-04-07T00:57:19.0000000Z;2018-04-07T00:57:19.9903740Z;387da8d7-3533-4bbb-a1df-c4d150c1a9c2;6625.000000000;0.077737610;BUY
BITSTAMP_SPOT_BTC_USD;2018-04-07T00:57:19.0000000Z;2018-04-07T00:57:19.8986553Z;a8af1251-cbce-48b0-975e-6a9728cd0e37;6623.090000000;0.014869560;BUY
BITSTAMP_SPOT_BTC_USD;2018-04-07T00:57:19.0000000Z;2018-04-07T00:57:20.0997609Z;49e5e7c6-4b50-4b5d-875e-bc6bd4f986fd;6628.000000000;0.052287830;BUY
BITSTAMP_SPOT_BTC_USD;2018-04-07T00:57:20.0000000Z;2018-04-07T00:57:21.1623931Z;d19a72d6-1304-407e-927c-ad0c1aa8da15;6627.960000000;0.006014320;BUY
BITSTAMP_SPOT_BTC_USD;2018-04-07T00:57:21.0000000Z;2018-04-07T00:57:22.2250106Z;7dcd5a67-36e3-466f-9d62-b62b4a7463c4;6627.960000000;0.016102030;BUY
BITSTAMP_SPOT_BTC_USD;2018-04-07T00:57:32.0000000Z;2018-04-07T00:57:32.3981047Z;dfa310f6-63d6-4bd0-a41d-de6844899091;6628.000000000;0.392885350;BUY
BITSTAMP_SPOT_BTC_USD;2018-04-07T00:57:32.0000000Z;2018-04-07T00:57:32.4918658Z;8d394890-64ae-4c99-b37d-eba2a754c470;6628.050000000;0.204414650;BUY
BITSTAMP_SPOT_BTC_USD;2018-04-07T00:57:33.0000000Z;2018-04-07T00:57:33.4628930Z;0939fe1b-a617-4f4e-a80b-b9dc15ad493b;6628.050000000;0.000095350;BUY
BITSTAMP_SPOT_BTC_USD;2018-04-07T00:57:33.0000000Z;2018-04-07T00:57:33.6188663Z;56e8b068-ff10-42d7-be73-0566ca8c7382;6632.370000000;0.003039600;BUY
BITSTAMP_SPOT_BTC_USD;2018-04-07T00:57:33.0000000Z;2018-04-07T00:57:33.9628199Z;94502ec5-8a9b-4fb1-9938-d359bec69c57;6632.420000000;2.194000000;BUY
BITSTAMP_SPOT_BTC_USD;2018-04-07T00:57:43.0000000Z;2018-04-07T00:57:43.7419611Z;91d78df8-ca2e-46fc-89e0-09836e657d9c;6634.680000000;0.121353030;BUY
BITSTAMP_SPOT_BTC_USD;2018-04-07T00:57:43.0000000Z;2018-04-07T00:57:43.9294556Z;bc0321b1-962a-4319-8874-ecab2d03ae72;6635.000000000;0.100000000;BUY
BITSTAMP_SPOT_BTC_USD;2018-04-07T00:57:43.0000000Z;2018-04-07T00:57:44.0857045Z;a8173acd-3040-4b15-ae83-32709cabf07c;6635.060000000;0.040000000;BUY
BITSTAMP_SPOT_BTC_USD;2018-04-07T00:57:48.0000000Z;2018-04-07T00:57:48.6794561Z;45d6d4ed-2eda-46e9-b77d-30fe83a3a83e;6638.630000000;0.001509350;BUY
BITSTAMP_SPOT_BTC_USD;2018-04-07T00:57:51.0000000Z;2018-04-07T00:57:51.7732163Z;b0b0fe48-0ddc-482a-96c4-6eae015e8bd2;6635.090000000;0.203500000;SELL
BITSTAMP_SPOT_BTC_USD;2018-04-07T00:57:51.0000000Z;2018-04-07T00:57:51.9294832Z;21f24a38-9b47-4273-a517-a0fee8935cbd;6632.500000000;0.261268240;SELL
BITSTAMP_SPOT_BTC_USD;2018-04-07T00:57:56.0000000Z;2018-04-07T00:57:56.7888430Z;df5d6be7-af29-46b9-9c8a-61fe69db242a;6632.520000000;0.059307990;SELL
BITSTAMP_SPOT_BTC_USD;2018-04-07T00:58:01.0000000Z;2018-04-07T00:58:01.8357145Z;dbc5bfee-1b05-40e3-9ff8-917ec2b58143;6637.410000000;0.005852590;BUY
BITSTAMP_SPOT_BTC_USD;2018-04-07T00:58:11.0000000Z;2018-04-07T00:58:12.1841107Z;bcb7cc09-9259-4442-a031-63f0c8f148fa;6637.740000000;0.006840000;SELL
BITSTAMP_SPOT_BTC_USD;2018-04-07T00:58:13.0000000Z;2018-04-07T00:58:13.8718095Z;c818ddc9-2dad-46eb-b3c6-07ec381cd479;6632.520000000;0.005721930;SELL
BITSTAMP_SPOT_BTC_USD;2018-04-07T00:58:41.0000000Z;2018-04-07T00:58:42.1482343Z;3492616c-33f3-41de-88ac-6141f4e3de74;6637.740000000;0.003336200;SELL
BITSTAMP_SPOT_BTC_USD;2018-04-07T00:58:41.0000000Z;2018-04-07T00:58:42.2263582Z;24f14863-7a24-4747-802d-e99264d32202;6637.740000000;0.036152930;SELL
BITSTAMP_SPOT_BTC_USD;2018-04-07T00:58:42.0000000Z;2018-04-07T00:58:42.3826095Z;769c5a1d-f234-44db-8625-6d1c3df6313f;6637.740000000;0.022017090;SELL
BITSTAMP_SPOT_BTC_USD;2018-04-07T00:58:43.0000000Z;2018-04-07T00:58:44.0701106Z;36a75193-dcd0-4118-8938-db51782c5170;6632.980000000;0.253200000;SELL
BITSTAMP_SPOT_BTC_USD;2018-04-07T00:58:43.0000000Z;2018-04-07T00:58:44.2107357Z;7d58c5b9-d6a1-4107-b0ce-2cc21ea29c02;6627.900000000;0.754281980;SELL
BITSTAMP_SPOT_BTC_USD;2018-04-07T00:58:49.0000000Z;2018-04-07T00:58:50.1326564Z;fe1dc789-4b22-488a-8c02-aaa7f2dbbe1e;6628.780000000;0.003372250;BUY
BITSTAMP_SPOT_BTC_USD;2018-04-07T00:58:50.0000000Z;2018-04-07T00:58:51.1482494Z;18c69397-4fc9-4a38-ae52-0fbfb372f40c;6628.780000000;0.082009950;BUY
BITSTAMP_SPOT_BTC_USD;2018-04-07T00:58:55.0000000Z;2018-04-07T00:58:56.0701163Z;271023c8-579b-4dde-b6e6-a02cd2aeb1d0;6628.780000000;1.914682040;BUY
BITSTAMP_SPOT_BTC_USD;2018-04-07T00:59:22.0000000Z;2018-04-07T00:59:22.3966375Z;bd56b17b-8253-4dec-8a04-02c1159a2618;6629.590000000;0.021181800;SELL
BITSTAMP_SPOT_BTC_USD;2018-04-07T00:59:33.0000000Z;2018-04-07T00:59:34.0849458Z;6a59ddfa-754a-40c7-a8cc-f27f08c76ee2;6631.340000000;0.001952800;SELL
BITSTAMP_SPOT_BTC_USD;2018-04-07T00:59:35.0000000Z;2018-04-07T00:59:36.2264128Z;c7b7a128-e70d-41cd-b653-cef039ce5753;6632.000000000;12.776444050;BUY
BITSTAMP_SPOT_BTC_USD;2018-04-07T00:59:39.0000000Z;2018-04-07T00:59:39.7107640Z;3fd7ce32-98be-47d6-ae74-97a24042f0b0;6635.270000000;0.035000000;BUY
BITSTAMP_SPOT_BTC_USD;2018-04-07T01:00:06.0000000Z;2018-04-07T01:00:06.8045280Z;b6a95a6a-78da-4f7d-8b69-7c31a48290b2;6639.350000000;0.030417210;BUY
BITSTAMP_SPOT_BTC_USD;2018-04-07T01:00:08.0000000Z;2018-04-07T01:00:09.0417449Z;c66fa102-d971-4332-9c55-bd3b11261674;6639.350000000;1.720000000;BUY
BITSTAMP_SPOT_BTC_USD;2018-04-07T01:00:10.0000000Z;2018-04-07T01:00:10.9169425Z;0a33c040-646d-4eab-b1e1-dca184f2fc1b;6639.350000000;0.026550830;BUY
BITSTAMP_SPOT_BTC_USD;2018-04-07T01:00:11.0000000Z;2018-04-07T01:00:12.1214747Z;0b2e3ed6-12a2-4fb8-9631-c1a0f2cd30de;6639.450000000;0.035000000;BUY
BITSTAMP_SPOT_BTC_USD;2018-04-07T01:00:11.0000000Z;2018-04-07T01:00:11.9014212Z;461a4413-dba6-47f4-9441-ed3ceea942ff;6639.350000000;0.223162260;BUY
BITSTAMP_SPOT_BTC_USD;2018-04-07T01:00:12.0000000Z;2018-04-07T01:00:12.3088759Z;52a59975-90de-485b-ae9d-319f2345ed90;6640.000000000;0.100000000;BUY
BITSTAMP_SPOT_BTC_USD;2018-04-07T01:00:12.0000000Z;2018-04-07T01:00:12.9182992Z;a879d4bf-33f3-44c2-851a-a4688b5340fb;6644.510000000;0.001280440;BUY
BITSTAMP_SPOT_BTC_USD;2018-04-07T01:00:12.0000000Z;2018-04-07T01:00:12.9964329Z;f18b2b4b-2a53-4d0b-ba94-114f4dad43df;6645.000000000;0.073719560;BUY
BITSTAMP_SPOT_BTC_USD;2018-04-07T01:00:16.0000000Z;2018-04-07T01:00:16.7456886Z;427c7613-be58-411e-a0f0-fb92702bb49e;6645.000000000;0.075000000;BUY
BITSTAMP_SPOT_BTC_USD;2018-04-07T01:00:17.0000000Z;2018-04-07T01:00:17.7303548Z;6e5261e1-afb7-4d12-a769-8b7cc4b99f83;6640.020000000;0.005357700;SELL
BITSTAMP_SPOT_BTC_USD;2018-04-07T01:00:18.0000000Z;2018-04-07T01:00:18.4490158Z;bf5fc2a1-8b4a-44a4-8b43-68d0ce849222;6645.000000000;1.851280440;BUY
BITSTAMP_SPOT_BTC_USD;2018-04-07T01:00:18.0000000Z;2018-04-07T01:00:18.8865354Z;2f35eecd-cbc0-4c10-9e36-d19aa6f0cb40;6645.660000000;0.003033600;BUY
BITSTAMP_SPOT_BTC_USD;2018-04-07T01:00:18.0000000Z;2018-04-07T01:00:18.9959238Z;d2b59bca-7a06-4acc-8642-5687b8ebce96;6646.000000000;0.041966400;BUY
BITSTAMP_SPOT_BTC_USD;2018-04-07T01:00:19.0000000Z;2018-04-07T01:00:19.3397170Z;c28dce99-b0ca-40ab-8917-30484832ae02;6646.000000000;0.058033600;BUY
BITSTAMP_SPOT_BTC_USD;2018-04-07T01:00:19.0000000Z;2018-04-07T01:00:19.4647220Z;42a8752f-8488-4334-9818-b5035a5f3bff;6650.000000000;0.001966400;BUY
BITSTAMP_SPOT_BTC_USD;2018-04-07T01:00:19.0000000Z;2018-04-07T01:00:19.6066279Z;0645bbd9-199b-4bc8-8616-b5407be38c09;6650.000000000;0.075000000;BUY
BITSTAMP_SPOT_BTC_USD;2018-04-07T01:00:20.0000000Z;2018-04-07T01:00:20.3398157Z;0bdc6531-085c-46d0-8d02-741dee673f26;6650.000000000;0.060000000;BUY
BITSTAMP_SPOT_BTC_USD;2018-04-07T01:00:21.0000000Z;2018-04-07T01:00:21.9349988Z;79dbb176-3c87-4e4a-ab1b-fff607d448d6;6650.000000000;0.530000000;BUY
BITSTAMP_SPOT_BTC_USD;2018-04-07T01:00:21.0000000Z;2018-04-07T01:00:22.0912694Z;29627067-784f-4d1d-884d-9d72d6743f41;6650.000000000;0.060000000;BUY
BITSTAMP_SPOT_BTC_USD;2018-04-07T01:00:22.0000000Z;2018-04-07T01:00:22.5744537Z;27a539b5-cbdc-4e53-a2f3-774445ad94ca;6650.000000000;0.273033600;BUY
BITSTAMP_SPOT_BTC_USD;2018-04-07T01:00:22.0000000Z;2018-04-07T01:00:22.7463186Z;1676dd64-5264-49a4-ac26-5e5fdffd403b;6652.260000000;5.000000000;BUY
BITSTAMP_SPOT_BTC_USD;2018-04-07T01:00:22.0000000Z;2018-04-07T01:00:22.9351239Z;58a7a30d-ec1f-4033-ad8a-b151bb1a84de;6654.000000000;0.100000000;BUY
BITSTAMP_SPOT_BTC_USD;2018-04-07T01:00:23.0000000Z;2018-04-07T01:00:23.4195630Z;67821398-4322-4dc1-839c-6c61bbd24efe;6654.310000000;0.001505790;BUY
BITSTAMP_SPOT_BTC_USD;2018-04-07T01:00:23.0000000Z;2018-04-07T01:00:23.5445967Z;15dc837b-b9a4-4789-b206-8607371fad41;6654.400000000;0.073494210;BUY
BITSTAMP_SPOT_BTC_USD;2018-04-07T01:00:24.0000000Z;2018-04-07T01:00:24.2634046Z;b4a60983-d77d-4745-a5b6-147ef0e75e87;6655.060000000;0.001344040;BUY
BITSTAMP_SPOT_BTC_USD;2018-04-07T01:00:24.0000000Z;2018-04-07T01:00:24.3884191Z;8ab13392-03c4-4224-9163-373c59b7d2e7;6657.480000000;0.001020490;BUY
BITSTAMP_SPOT_BTC_USD;2018-04-07T01:00:24.0000000Z;2018-04-07T01:00:24.5290605Z;3b2bd320-8a2d-4033-b47c-95a1f7f33159;6658.980000000;0.003027400;BUY
BITSTAMP_SPOT_BTC_USD;2018-04-07T01:00:24.0000000Z;2018-04-07T01:00:24.6228218Z;28b93891-18a3-4c39-ab4d-ce0b93dd4a58;6659.010000000;0.039608070;BUY
BITSTAMP_SPOT_BTC_USD;2018-04-07T01:00:24.0000000Z;2018-04-07T01:00:25.1541438Z;ba237e96-ae5e-4629-b252-315901828d52;6659.010000000;0.148391930;BUY
BITSTAMP_SPOT_BTC_USD;2018-04-07T01:00:25.0000000Z;2018-04-07T01:00:25.2947769Z;976666dc-c592-4b50-8d12-19b0984fc5fa;6662.760000000;0.020000000;BUY
BITSTAMP_SPOT_BTC_USD;2018-04-07T01:00:25.0000000Z;2018-04-07T01:00:25.4497312Z;8a7ca686-aa0b-43ee-bcf3-4c2e0969018a;6663.330000000;0.001007490;BUY
BITSTAMP_SPOT_BTC_USD;2018-04-07T01:00:25.0000000Z;2018-04-07T01:00:25.6372781Z;08620418-8179-457f-9a2e-0e1fe4303b96;6664.010000000;1.830600580;BUY
BITSTAMP_SPOT_BTC_USD;2018-04-07T01:00:25.0000000Z;2018-04-07T01:00:25.8247837Z;d508f838-f23e-4c3a-8a70-00f36cb377d7;6664.010000000;0.025298580;BUY
BITSTAMP_SPOT_BTC_USD;2018-04-07T01:00:25.0000000Z;2018-04-07T01:00:26.1855078Z;0aa308e0-c7b9-417c-b5b6-b1044d94a524;6659.250000000;0.042400000;BUY
BITSTAMP_SPOT_BTC_USD;2018-04-07T01:00:26.0000000Z;2018-04-07T01:00:26.2792700Z;ce263535-c2f2-40bc-9753-8f21c320602b;6662.740000000;0.017600000;BUY
BITSTAMP_SPOT_BTC_USD;2018-04-07T01:00:26.0000000Z;2018-04-07T01:00:26.6074359Z;7d8c4e5e-d56a-400a-8bc8-ee6fa02bbea5;6659.600000000;0.164500000;BUY
BITSTAMP_SPOT_BTC_USD;2018-04-07T01:00:26.0000000Z;2018-04-07T01:00:26.9512314Z;24e71420-1ff8-4e74-ae82-30fda5534ff4;6664.010000000;0.075000000;BUY
BITSTAMP_SPOT_BTC_USD;2018-04-07T01:00:27.0000000Z;2018-04-07T01:00:27.3405570Z;9b20c491-3aae-47ea-898f-d0454b40d73a;6664.000000000;0.016100000;SELL
BITSTAMP_SPOT_BTC_USD;2018-04-07T01:00:27.0000000Z;2018-04-07T01:00:27.7156032Z;6b8fd2d6-59cb-4d41-b48d-8be403585337;6664.000000000;0.403061160;SELL
BITSTAMP_SPOT_BTC_USD;2018-04-07T01:00:27.0000000Z;2018-04-07T01:00:27.8888372Z;946f6fbe-016c-4e64-91c0-833e262361f0;6663.000000000;0.419224070;SELL
BITSTAMP_SPOT_BTC_USD;2018-04-07T01:00:27.0000000Z;2018-04-07T01:00:28.2482547Z;da51082c-df66-4b39-be62-76a3c9c6e570;6660.000000000;0.229729720;SELL
BITSTAMP_SPOT_BTC_USD;2018-04-07T01:00:27.0000000Z;2018-04-07T01:00:27.9968824Z;149966b7-ea9d-4809-8173-e6098077619c;6662.000000000;0.419287000;SELL
BITSTAMP_SPOT_BTC_USD;2018-04-07T01:00:27.0000000Z;2018-04-07T01:00:28.1218879Z;d33fe965-48d3-4cd8-a393-f0a742754690;6661.000000000;0.254849940;SELL
BITSTAMP_SPOT_BTC_USD;2018-04-07T01:00:28.0000000Z;2018-04-07T01:00:28.3250346Z;10f90ae6-5f31-4b30-a77d-505b3d7da9b3;6660.000000000;3.273848110;SELL
BITSTAMP_SPOT_BTC_USD;2018-04-07T01:00:28.0000000Z;2018-04-07T01:00:28.5906870Z;f85fe1c5-e59e-4f01-8ef1-e980356f608c;6664.010000000;0.060000000;BUY
BITSTAMP_SPOT_BTC_USD;2018-04-07T01:00:29.0000000Z;2018-04-07T01:00:30.1377525Z;52f433c8-b85e-467a-ac68-89b293bfe63f;6662.730000000;0.149000000;BUY
BITSTAMP_SPOT_BTC_USD;2018-04-07T01:00:29.0000000Z;2018-04-07T01:00:29.6390502Z;9a18b727-9437-4ae3-8ba6-2abaf33cdfcb;6662.730000000;0.060000000;BUY
BITSTAMP_SPOT_BTC_USD;2018-04-07T01:00:30.0000000Z;2018-04-07T01:00:30.3877540Z;13762142-18fd-4bc6-977e-45a76ee4ba66;6664.000000000;0.051000000;BUY
BITSTAMP_SPOT_BTC_USD;2018-04-07T01:00:30.0000000Z;2018-04-07T01:00:30.8110630Z;18c473a8-10f5-4d54-8258-492ae572b898;6664.120000000;0.157870000;BUY
BITSTAMP_SPOT_BTC_USD;2018-04-07T01:00:30.0000000Z;2018-04-07T01:00:31.1704821Z;4a13ef4b-4cca-4877-a40a-5b7ceed2381d;6664.120000000;0.042130000;BUY
BITSTAMP_SPOT_BTC_USD;2018-04-07T01:00:31.0000000Z;2018-04-07T01:00:31.3736295Z;873e2dbc-c9c8-4b6d-8a07-24563be30742;6665.110000000;0.064640000;BUY
BITSTAMP_SPOT_BTC_USD;2018-04-07T01:00:31.0000000Z;2018-04-07T01:00:31.5924067Z;ff450016-0a9c-4558-b7a3-a3fd266d871f;6665.120000000;0.001413260;BUY
BITSTAMP_SPOT_BTC_USD;2018-04-07T01:00:31.0000000Z;2018-04-07T01:00:32.0129256Z;3f408e15-f5d0-4bfd-b821-e69e0a749f0c;6665.990000000;0.020000000;BUY
BITSTAMP_SPOT_BTC_USD;2018-04-07T01:00:31.0000000Z;2018-04-07T01:00:31.7799282Z;019608d9-a510-4d89-9695-07ffbff40f58;6665.210000000;0.001007210;BUY
BITSTAMP_SPOT_BTC_USD;2018-04-07T01:00:32.0000000Z;2018-04-07T01:00:32.8723903Z;74f18fb2-c4c4-4a70-a6db-6816a9db76b3;6666.660000000;0.034392800;BUY
BITSTAMP_SPOT_BTC_USD;2018-04-07T01:00:32.0000000Z;2018-04-07T01:00:33.0755372Z;ec6a3e53-52d4-4436-903b-1bfde1cb7c1b;6667.010000000;0.030340770;BUY
BITSTAMP_SPOT_BTC_USD;2018-04-07T01:00:32.0000000Z;2018-04-07T01:00:32.6237770Z;f0050bb2-dc0a-4c58-baaf-fe40fc504b6f;6666.000000000;0.186270000;BUY
BITSTAMP_SPOT_BTC_USD;2018-04-07T01:00:32.0000000Z;2018-04-07T01:00:32.7487914Z;5650492d-5540-4d64-90ec-21c3c9f708cf;6666.000000000;0.813730000;BUY
BITSTAMP_SPOT_BTC_USD;2018-04-07T01:00:32.0000000Z;2018-04-07T01:00:32.9675673Z;7c848a08-763f-414a-9b8d-b4cea0614118;6667.010000000;0.151877200;BUY
BITSTAMP_SPOT_BTC_USD;2018-04-07T01:00:32.0000000Z;2018-04-07T01:00:33.2176126Z;462939b4-f4f6-4e07-934a-c1170eb8cd48;6667.320000000;0.019659230;BUY
BITSTAMP_SPOT_BTC_USD;2018-04-07T01:00:33.0000000Z;2018-04-07T01:00:33.2787111Z;64884bd5-57d9-43ae-9d98-ad6796e12f73;6667.320000000;0.000340770;BUY
BITSTAMP_SPOT_BTC_USD;2018-04-07T01:00:33.0000000Z;2018-04-07T01:00:33.3894952Z;8bfe3f83-f80c-45be-86aa-7a051c3d3496;6668.690000000;0.001558000;BUY
BITSTAMP_SPOT_BTC_USD;2018-04-07T01:00:33.0000000Z;2018-04-07T01:00:33.4974570Z;5f41f7b4-4772-40fb-abb5-f6a67fcb5c03;6668.700000000;0.073101230;BUY
BITSTAMP_SPOT_BTC_USD;2018-04-07T01:00:33.0000000Z;2018-04-07T01:00:33.7020346Z;fd2ed0dc-d42f-485f-84f0-11a33724be27;6668.700000000;0.100000000;BUY
BITSTAMP_SPOT_BTC_USD;2018-04-07T01:00:33.0000000Z;2018-04-07T01:00:34.0614525Z;8023b04e-7918-48db-8f33-123ec067d6e5;6668.700000000;0.075000000;BUY
BITSTAMP_SPOT_BTC_USD;2018-04-07T01:00:33.0000000Z;2018-04-07T01:00:34.2489749Z;61430a68-9940-483b-a290-60cc44a822c5;6667.580000000;1.000000000;SELL
BITSTAMP_SPOT_BTC_USD;2018-04-07T01:00:34.0000000Z;2018-04-07T01:00:34.7007089Z;37b94af0-6096-41ba-a30d-4527ac0f321d;6668.700000000;0.200353300;BUY
BITSTAMP_SPOT_BTC_USD;2018-04-07T01:00:34.0000000Z;2018-04-07T01:00:34.9819892Z;2913acf9-4371-4052-aabd-356b1222d2ba;6670.000000000;0.500000000;BUY
BITSTAMP_SPOT_BTC_USD;2018-04-07T01:00:34.0000000Z;2018-04-07T01:00:35.0913759Z;fe4f0535-a7cb-4da5-9389-8432f83f2058;6671.690000000;0.498630190;BUY
BITSTAMP_SPOT_BTC_USD;2018-04-07T01:00:34.0000000Z;2018-04-07T01:00:34.7959142Z;c1be384d-405c-4ab3-a222-342cca18beb7;6669.730000000;0.001016510;BUY
BITSTAMP_SPOT_BTC_USD;2018-04-07T01:00:34.0000000Z;2018-04-07T01:00:35.2022117Z;7b108f98-2cd2-4a92-9e1c-194723911557;6671.690000000;0.501369810;BUY
BITSTAMP_SPOT_BTC_USD;2018-04-07T01:00:35.0000000Z;2018-04-07T01:00:35.6851882Z;2090c86a-4776-4d53-a1af-26e7a14a8c24;6673.880000000;0.001015880;BUY
BITSTAMP_SPOT_BTC_USD;2018-04-07T01:00:35.0000000Z;2018-04-07T01:00:35.8414555Z;fed12db2-9427-41cf-8ffa-60e4cb5c65d6;6673.870000000;0.012930000;BUY
BITSTAMP_SPOT_BTC_USD;2018-04-07T01:00:35.0000000Z;2018-04-07T01:00:35.9039616Z;45abb40e-4e9c-44d4-adf4-f644961aaa8e;6674.600000000;0.008645670;BUY
BITSTAMP_SPOT_BTC_USD;2018-04-07T01:00:35.0000000Z;2018-04-07T01:00:36.0289740Z;ad7ec6df-3a59-4df4-bb9b-030f112edc7f;6674.600000000;0.470985400;BUY
BITSTAMP_SPOT_BTC_USD;2018-04-07T01:00:35.0000000Z;2018-04-07T01:00:35.3272270Z;b38562da-1505-48bc-9dc1-d0a7205e591b;6672.330000000;0.003021400;BUY
BITSTAMP_SPOT_BTC_USD;2018-04-07T01:00:35.0000000Z;2018-04-07T01:00:35.4366150Z;ec332421-8cd9-4d62-a241-f9fb607d5e89;6672.910000000;0.001016030;BUY
BITSTAMP_SPOT_BTC_USD;2018-04-07T01:00:35.0000000Z;2018-04-07T01:00:35.7960370Z;5e664938-3d3d-42b4-bcd5-8c5af746890e;6674.320000000;0.001015810;BUY
BITSTAMP_SPOT_BTC_USD;2018-04-07T01:00:36.0000000Z;2018-04-07T01:00:36.4352670Z;d802c22a-3056-4b20-a4cc-c4fdbe277f87;6674.600000000;2.000000000;BUY
BITSTAMP_SPOT_BTC_USD;2018-04-07T01:00:38.0000000Z;2018-04-07T01:00:38.7011418Z;7287b475-a061-44af-a0e8-d151c59e989b;6674.600000000;0.075000000;BUY
BITSTAMP_SPOT_BTC_USD;2018-04-07T01:00:38.0000000Z;2018-04-07T01:00:38.7948920Z;639d7747-f95b-4d43-bdf7-508db1d8ff40;6674.600000000;0.060000000;BUY
BITSTAMP_SPOT_BTC_USD;2018-04-07T01:00:38.0000000Z;2018-04-07T01:00:39.1699374Z;8d337f92-170e-49b1-a29c-e357eb07aa04;6674.600000000;0.075000000;BUY
BITSTAMP_SPOT_BTC_USD;2018-04-07T01:00:38.0000000Z;2018-04-07T01:00:38.9839133Z;364ba593-ced1-4754-8c02-6976bad05945;6674.600000000;0.060000000;BUY
BITSTAMP_SPOT_BTC_USD;2018-04-07T01:00:38.0000000Z;2018-04-07T01:00:39.0933141Z;71571cd8-ccfa-4c49-adda-6978167f4590;6674.600000000;0.733000000;BUY
BITSTAMP_SPOT_BTC_USD;2018-04-07T01:00:39.0000000Z;2018-04-07T01:00:39.3887293Z;80f76a86-7a71-4017-88d3-eeec3608c55f;6674.600000000;0.045000000;BUY
BITSTAMP_SPOT_BTC_USD;2018-04-07T01:00:39.0000000Z;2018-04-07T01:00:39.4824651Z;eb703cd3-3a56-48ae-b94b-b4c9c7918bda;6674.600000000;0.100000000;BUY
BITSTAMP_SPOT_BTC_USD;2018-04-07T01:00:39.0000000Z;2018-04-07T01:00:39.2964506Z;a4198c2e-40ef-4453-8230-1fb8301d09c9;6674.600000000;5.000000000;BUY
BITSTAMP_SPOT_BTC_USD;2018-04-07T01:00:40.0000000Z;2018-04-07T01:00:40.8732371Z;7cad24f3-5a1f-4154-8250-65c1163ebe76;6674.600000000;0.100000000;SELL
BITSTAMP_SPOT_BTC_USD;2018-04-07T01:00:40.0000000Z;2018-04-07T01:00:40.9685289Z;c1c9937b-7efa-42c7-8ada-d9d6e5cf0792;6674.600000000;0.418495490;BUY
BITSTAMP_SPOT_BTC_USD;2018-04-07T01:00:40.0000000Z;2018-04-07T01:00:41.2029322Z;ff0e1bac-fa21-46eb-a8cb-4f88fcc49df1;6674.600000000;0.418495490;BUY
BITSTAMP_SPOT_BTC_USD;2018-04-07T01:00:40.0000000Z;2018-04-07T01:00:41.1076367Z;f17c406f-ffe6-4aa3-b74c-829b98c763ec;6674.600000000;0.418495490;BUY
BITSTAMP_SPOT_BTC_USD;2018-04-07T01:00:41.0000000Z;2018-04-07T01:00:41.3107839Z;f5d91103-04cd-4f1e-97f2-88a9cfd0c6ec;6674.600000000;0.418495490;BUY
BITSTAMP_SPOT_BTC_USD;2018-04-07T01:00:41.0000000Z;2018-04-07T01:00:41.4201701Z;8219f2d2-0afb-4cef-9629-20d37a746e9e;6674.600000000;2.160935480;BUY
BITSTAMP_SPOT_BTC_USD;2018-04-07T01:00:41.0000000Z;2018-04-07T01:00:41.6858250Z;21901e35-cc3d-442f-b4d6-ebaec46baacb;6674.600000000;0.153412930;BUY
BITSTAMP_SPOT_BTC_USD;2018-04-07T01:00:41.0000000Z;2018-04-07T01:00:41.7639564Z;aab936bf-7dd0-481c-b4a8-ec6519abb2c0;6674.600000000;0.072637320;BUY
BITSTAMP_SPOT_BTC_USD;2018-04-07T01:00:41.0000000Z;2018-04-07T01:00:41.9986004Z;7bbcdfa6-bc18-4b60-a4a9-f1e62891f1c8;6674.600000000;0.418495490;BUY
BITSTAMP_SPOT_BTC_USD;2018-04-07T01:00:41.0000000Z;2018-04-07T01:00:41.5779801Z;82471ae2-3a2e-42ad-9022-5ad888567525;6674.600000000;0.265082560;BUY
BITSTAMP_SPOT_BTC_USD;2018-04-07T01:00:41.0000000Z;2018-04-07T01:00:41.8905123Z;61d81f82-c575-444f-8bd2-c5c084146bbf;6674.600000000;0.100000000;BUY
BITSTAMP_SPOT_BTC_USD;2018-04-07T01:00:41.0000000Z;2018-04-07T01:00:42.1077440Z;1013a105-c860-4bf1-90a2-74d4e61ebbf3;6674.600000000;0.149462140;BUY
BITSTAMP_SPOT_BTC_USD;2018-04-07T01:00:41.0000000Z;2018-04-07T01:00:42.2484141Z;65e2a025-8035-45dc-98ce-afc9cf60c849;6674.600000000;0.850987320;BUY
BITSTAMP_SPOT_BTC_USD;2018-04-07T01:00:42.0000000Z;2018-04-07T01:00:42.3577704Z;625140e9-39e4-4027-90bd-d9b4fc896430;6674.600000000;0.032491830;BUY
BITSTAMP_SPOT_BTC_USD;2018-04-07T01:00:42.0000000Z;2018-04-07T01:00:42.7640719Z;720970bd-cde0-4a2d-8ebe-558a7208088e;6674.600000000;3.881014600;BUY
BITSTAMP_SPOT_BTC_USD;2018-04-07T01:00:42.0000000Z;2018-04-07T01:00:42.4530783Z;18e853cc-1604-4307-873e-2e3e2ae4da12;6674.600000000;1.494927030;BUY
BITSTAMP_SPOT_BTC_USD;2018-04-07T01:00:42.0000000Z;2018-04-07T01:00:42.5624669Z;638e50bd-55c2-45ef-8e52-916152220999;6674.600000000;0.927585940;BUY
BITSTAMP_SPOT_BTC_USD;2018-04-07T01:00:42.0000000Z;2018-04-07T01:00:42.6874935Z;630e74a6-a5ea-4c77-a7ca-e9fdf453cb13;6674.600000000;4.200000000;BUY
BITSTAMP_SPOT_BTC_USD;2018-04-07T01:00:44.0000000Z;2018-04-07T01:00:45.1565289Z;7430847f-ea28-4034-a634-273b1e6c5eb4;6675.150000000;0.013523720;BUY
BITSTAMP_SPOT_BTC_USD;2018-04-07T01:00:45.0000000Z;2018-04-07T01:00:45.3112058Z;90b8f34f-a1f9-4b95-8229-9d740b172e6c;6675.380000000;0.001015650;BUY
BITSTAMP_SPOT_BTC_USD;2018-04-07T01:00:45.0000000Z;2018-04-07T01:00:45.8581413Z;72a8efff-65d2-411e-a009-fc70f082bed0;6676.880000000;0.001476880;BUY
BITSTAMP_SPOT_BTC_USD;2018-04-07T01:00:45.0000000Z;2018-04-07T01:00:45.9675539Z;89c3bb7d-a6d9-4984-b606-a6724537ca07;6677.900000000;0.060000000;BUY
BITSTAMP_SPOT_BTC_USD;2018-04-07T01:00:45.0000000Z;2018-04-07T01:00:46.1237926Z;e1194766-0c40-4646-87f9-c3285fb4d2ae;6677.900000000;0.030000000;BUY
BITSTAMP_SPOT_BTC_USD;2018-04-07T01:00:45.0000000Z;2018-04-07T01:00:45.4846921Z;9bb7392f-90ec-48a7-99fa-8e57378d626d;6675.390000000;0.013469920;BUY
BITSTAMP_SPOT_BTC_USD;2018-04-07T01:00:45.0000000Z;2018-04-07T01:00:45.6722144Z;94fb60d6-da65-4e7b-993c-bbd817995df1;6675.790000000;0.001067430;BUY
BITSTAMP_SPOT_BTC_USD;2018-04-07T01:00:46.0000000Z;2018-04-07T01:00:46.2956876Z;0fc10f2b-562a-4cf5-96aa-2ee19aa8ac24;6677.900000000;0.030000000;BUY
BITSTAMP_SPOT_BTC_USD;2018-04-07T01:00:46.0000000Z;2018-04-07T01:00:46.4519530Z;f11acc2f-96d0-45c5-9caa-dea8d74316b4;6679.230000000;0.212737440;BUY
BITSTAMP_SPOT_BTC_USD;2018-04-07T01:00:46.0000000Z;2018-04-07T01:00:46.7801120Z;b70a6705-3657-4d70-b0ea-94be7ce91be8;6680.000000000;0.931246400;BUY
BITSTAMP_SPOT_BTC_USD;2018-04-07T01:00:46.0000000Z;2018-04-07T01:00:46.6567061Z;80c6405a-417e-415a-aa1e-f30e07ade82c;6679.450000000;0.001015030;BUY
BITSTAMP_SPOT_BTC_USD;2018-04-07T01:00:46.0000000Z;2018-04-07T01:00:46.9692432Z;f35cfaae-ef22-4c50-b44a-f98741302880;6680.000000000;0.184004680;BUY
BITSTAMP_SPOT_BTC_USD;2018-04-07T01:00:46.0000000Z;2018-04-07T01:00:47.1098843Z;91b889ad-8091-4eaf-b2d2-c463204bfab6;6681.380000000;0.001009300;BUY
BITSTAMP_SPOT_BTC_USD;2018-04-07T01:00:47.0000000Z;2018-04-07T01:00:47.2817802Z;adb4f9c9-42cf-4b6d-9f93-c314b6eae227;6681.450000000;0.001014730;BUY
BITSTAMP_SPOT_BTC_USD;2018-04-07T01:00:47.0000000Z;2018-04-07T01:00:47.4676845Z;bfceed01-e73b-47ed-9cd1-427159004b1a;6681.750000000;0.200000000;BUY
BITSTAMP_SPOT_BTC_USD;2018-04-07T01:00:47.0000000Z;2018-04-07T01:00:47.9208863Z;0d86b1db-e9e5-4f97-b39e-3f99ecdd673e;6684.120000000;0.200000000;BUY
BITSTAMP_SPOT_BTC_USD;2018-04-07T01:00:47.0000000Z;2018-04-07T01:00:47.6255699Z;f1d0c9ca-7d10-45ab-bc8c-37958fd43daa;6683.090000000;0.002581890;BUY
BITSTAMP_SPOT_BTC_USD;2018-04-07T01:00:47.0000000Z;2018-04-07T01:00:47.7818380Z;cf7a7406-e3b7-4f32-a131-aa64f1ae65d2;6683.310000000;0.001162190;BUY
BITSTAMP_SPOT_BTC_USD;2018-04-07T01:00:47.0000000Z;2018-04-07T01:00:48.0787492Z;4680e87b-c385-4bd6-976b-eb3767f9e005;6684.990000000;0.001121910;BUY
BITSTAMP_SPOT_BTC_USD;2018-04-07T01:00:48.0000000Z;2018-04-07T01:00:48.2333906Z;01a7fe55-0860-43a8-8bd8-2a20e558d764;6685.000000000;0.100000000;BUY
BITSTAMP_SPOT_BTC_USD;2018-04-07T01:00:48.0000000Z;2018-04-07T01:00:48.4069388Z;fa63740f-a10e-451c-97d7-a9440f4612a9;6685.700000000;0.003015400;BUY
BITSTAMP_SPOT_BTC_USD;2018-04-07T01:00:48.0000000Z;2018-04-07T01:00:48.5928032Z;d1f34e1e-1a1c-4651-bbf7-5f555ad2203e;6686.600000000;0.010537430;BUY
BITSTAMP_SPOT_BTC_USD;2018-04-07T01:00:48.0000000Z;2018-04-07T01:00:48.8115781Z;a39f526b-6420-4302-8eb1-60c490400160;6686.600000000;0.030000000;BUY
BITSTAMP_SPOT_BTC_USD;2018-04-07T01:00:48.0000000Z;2018-04-07T01:00:48.7038295Z;9f9fa562-cb37-43f0-a0a7-bd8865b7d7fb;6686.600000000;0.019462570;BUY
BITSTAMP_SPOT_BTC_USD;2018-04-07T01:00:48.0000000Z;2018-04-07T01:00:48.9538571Z;742fcdcd-b93c-477f-ac71-ce72217f7217;6686.600000000;0.060000000;BUY
BITSTAMP_SPOT_BTC_USD;2018-04-07T01:00:48.0000000Z;2018-04-07T01:00:49.0477387Z;c8a4b191-d282-429a-9b98-a663525ddbab;6686.600000000;0.030000000;BUY
BITSTAMP_SPOT_BTC_USD;2018-04-07T01:00:48.0000000Z;2018-04-07T01:00:49.1726329Z;56f15109-3d04-4b89-b51e-4ff10993b6ff;6687.630000000;0.000902250;BUY
BITSTAMP_SPOT_BTC_USD;2018-04-07T01:00:49.0000000Z;2018-04-07T01:00:49.3116296Z;c346fe38-6524-467c-9891-e6226d8178d8;6687.930000000;0.003506120;BUY
BITSTAMP_SPOT_BTC_USD;2018-04-07T01:00:49.0000000Z;2018-04-07T01:00:49.3897627Z;5ea493f4-8569-4405-983d-5bb6b91afa9f;6687.990000000;0.002018410;BUY
BITSTAMP_SPOT_BTC_USD;2018-04-07T01:00:49.0000000Z;2018-04-07T01:00:49.4991779Z;4d11854f-ee0e-4db3-9f14-7d25e6de891e;6687.990000000;0.000971700;BUY
BITSTAMP_SPOT_BTC_USD;2018-04-07T01:00:49.0000000Z;2018-04-07T01:00:49.6241635Z;d5da1e5f-f436-4b54-a9e4-dfdac33a73d8;6689.030000000;0.000898490;BUY
BITSTAMP_SPOT_BTC_USD;2018-04-07T01:00:49.0000000Z;2018-04-07T01:00:49.7508264Z;1f021679-5520-4e78-9b24-ac8e854c9c8a;6689.480000000;0.352240460;BUY
BITSTAMP_SPOT_BTC_USD;2018-04-07T01:00:49.0000000Z;2018-04-07T01:00:49.8445871Z;5ed00d0d-4f64-4f2e-b4f0-8be96cdaaa6f;6689.480000000;0.060000000;BUY
BITSTAMP_SPOT_BTC_USD;2018-04-07T01:00:49.0000000Z;2018-04-07T01:00:49.9523225Z;a4b17746-6659-4119-953f-503d4a4c5bf9;6689.550000000;0.001013500;BUY
BITSTAMP_SPOT_BTC_USD;2018-04-07T01:00:49.0000000Z;2018-04-07T01:00:50.0773366Z;7532b4cf-1edf-47b1-84fe-4957098320a7;6689.780000000;0.001013460;BUY
BITSTAMP_SPOT_BTC_USD;2018-04-07T01:00:49.0000000Z;2018-04-07T01:00:50.1554691Z;624cb7a5-08ad-4ac4-8e7c-965aea029d47;6689.990000000;0.002017660;BUY
BITSTAMP_SPOT_BTC_USD;2018-04-07T01:00:50.0000000Z;2018-04-07T01:00:50.2492308Z;9e0a980f-70d5-4faf-b2b5-9e53a102d484;6689.990000000;0.002167110;BUY
BITSTAMP_SPOT_BTC_USD;2018-04-07T01:00:50.0000000Z;2018-04-07T01:00:50.3742434Z;6f5e118f-14f7-4508-b754-21140396dc43;6689.990000000;0.002914430;BUY
BITSTAMP_SPOT_BTC_USD;2018-04-07T01:00:50.0000000Z;2018-04-07T01:00:50.4523803Z;1c0aea52-88c5-4568-82ca-810cc67f585a;6689.990000000;0.001718840;BUY
BITSTAMP_SPOT_BTC_USD;2018-04-07T01:00:50.0000000Z;2018-04-07T01:00:50.5617624Z;32ed8932-d589-4c10-9988-19c6b1689a90;6690.990000000;0.001718520;BUY
BITSTAMP_SPOT_BTC_USD;2018-04-07T01:00:50.0000000Z;2018-04-07T01:00:50.7805350Z;24b8018b-44c0-4b32-a999-cd8af5f14b2b;6691.280000000;0.002284460;BUY
BITSTAMP_SPOT_BTC_USD;2018-04-07T01:00:50.0000000Z;2018-04-07T01:00:50.7196907Z;11a1a588-3f37-4835-97fe-207d9d8ef390;6691.280000000;0.060152020;BUY
BITSTAMP_SPOT_BTC_USD;2018-04-07T01:00:51.0000000Z;2018-04-07T01:00:51.7823150Z;d05a780d-e1b3-4da6-aec4-1e2bc3c3e27c;6691.280000000;0.007958020;SELL
BITSTAMP_SPOT_BTC_USD;2018-04-07T01:00:51.0000000Z;2018-04-07T01:00:51.8900275Z;ee6169a3-bdaf-4b65-a75c-faa5a1ce85d7;6691.280000000;0.035533100;SELL
BITSTAMP_SPOT_BTC_USD;2018-04-07T01:00:51.0000000Z;2018-04-07T01:00:51.9837883Z;ad271589-5471-4ba7-b4c4-d821d1ef7ef4;6691.280000000;0.752199680;SELL
BITSTAMP_SPOT_BTC_USD;2018-04-07T01:00:51.0000000Z;2018-04-07T01:00:52.2025606Z;21694aa5-3547-4af0-bdfb-95acff767735;6691.280000000;0.048251060;SELL
BITSTAMP_SPOT_BTC_USD;2018-04-07T01:00:51.0000000Z;2018-04-07T01:00:52.1104804Z;7a1e3158-d3d9-4889-a01c-1f1cdba46cdc;6691.280000000;0.199549260;SELL
BITSTAMP_SPOT_BTC_USD;2018-04-07T01:00:52.0000000Z;2018-04-07T01:00:52.3119479Z;3cc36b18-b06c-454f-a149-9dd447dcf48a;6691.280000000;1.162279660;BUY
BITSTAMP_SPOT_BTC_USD;2018-04-07T01:00:52.0000000Z;2018-04-07T01:00:52.4073925Z;b6a74ae8-382f-41bf-9cb8-49cf8e123eb1;6691.280000000;0.200000000;BUY
BITSTAMP_SPOT_BTC_USD;2018-04-07T01:00:55.0000000Z;2018-04-07T01:00:55.5466928Z;5709e748-0fba-4cf5-9b09-fbb28d19cc17;6691.280000000;2.000000000;BUY
BITSTAMP_SPOT_BTC_USD;2018-04-07T01:00:55.0000000Z;2018-04-07T01:00:55.4233797Z;37c09bde-e969-4aea-a602-3d0edd52b372;6691.280000000;0.037515010;BUY
BITSTAMP_SPOT_BTC_USD;2018-04-07T01:00:55.0000000Z;2018-04-07T01:00:55.6734375Z;331dcc64-4ce7-447c-8272-e8d0f60a75e9;6691.280000000;0.420000000;BUY
BITSTAMP_SPOT_BTC_USD;2018-04-07T01:00:55.0000000Z;2018-04-07T01:00:55.7827989Z;d876e2e0-7fea-4752-9bc7-55e04055b07a;6691.280000000;0.080000000;BUY
BITSTAMP_SPOT_BTC_USD;2018-04-07T01:00:55.0000000Z;2018-04-07T01:00:55.9078147Z;245e4728-3ecd-4b1d-92bc-03a911055c64;6691.280000000;0.060000000;BUY
BITSTAMP_SPOT_BTC_USD;2018-04-07T01:00:55.0000000Z;2018-04-07T01:00:56.2047240Z;b6507057-bd7b-42e5-88c8-1858cf465b28;6691.280000000;1.200000000;BUY
BITSTAMP_SPOT_BTC_USD;2018-04-07T01:00:55.0000000Z;2018-04-07T01:00:55.9842269Z;26b0a508-d0f1-4ff8-9a16-36727cdb7d98;6691.280000000;0.060000000;BUY
BITSTAMP_SPOT_BTC_USD;2018-04-07T01:00:55.0000000Z;2018-04-07T01:00:56.0935983Z;df94f9c5-f1cb-4dbf-ad3a-2d84147d9d3c;6691.280000000;0.075000000;BUY
BITSTAMP_SPOT_BTC_USD;2018-04-07T01:00:56.0000000Z;2018-04-07T01:00:56.5155166Z;f079dd04-edfe-47ac-94e7-c3fc9b999e3c;6691.280000000;0.075000000;BUY
BITSTAMP_SPOT_BTC_USD;2018-04-07T01:00:56.0000000Z;2018-04-07T01:00:56.6249039Z;8ccc0984-9211-4a40-a76e-110779ec1128;6691.280000000;2.686073440;BUY
BITSTAMP_SPOT_BTC_USD;2018-04-07T01:00:56.0000000Z;2018-04-07T01:00:56.3141123Z;f3fd717a-be72-4f78-a606-a077145cb55c;6691.280000000;0.060000000;BUY
BITSTAMP_SPOT_BTC_USD;2018-04-07T01:00:56.0000000Z;2018-04-07T01:00:56.4391264Z;28f44d17-13be-4080-acf6-465e8fb5366a;6691.280000000;0.060000000;BUY
BITSTAMP_SPOT_BTC_USD;2018-04-07T01:00:57.0000000Z;2018-04-07T01:00:57.3281035Z;0dc496d9-d384-46af-8a1b-3b814614b19a;6691.280000000;0.670000000;BUY
BITSTAMP_SPOT_BTC_USD;2018-04-07T01:00:57.0000000Z;2018-04-07T01:00:57.4218625Z;0e25f2fa-2302-4568-86ac-335d13b6f7c9;6691.280000000;2.380581890;BUY
BITSTAMP_SPOT_BTC_USD;2018-04-07T01:00:57.0000000Z;2018-04-07T01:00:57.5173794Z;60e4ab4f-f835-4f23-ab2e-6022091e5f9a;6691.280000000;1.271265540;BUY
BITSTAMP_SPOT_BTC_USD;2018-04-07T01:00:58.0000000Z;2018-04-07T01:00:58.9550484Z;623d5dbb-4f26-484e-a90f-158f25ba84bc;6692.900000000;0.001012990;BUY
BITSTAMP_SPOT_BTC_USD;2018-04-07T01:00:58.0000000Z;2018-04-07T01:00:59.0800640Z;294fc5b7-bbcd-450f-a012-7c66dfd6de25;6693.460000000;0.001012910;BUY
BITSTAMP_SPOT_BTC_USD;2018-04-07T01:00:58.0000000Z;2018-04-07T01:00:59.2033021Z;f3ffbb5b-5467-4fcf-a502-d69e22f30e3b;6694.420000000;0.001012760;BUY
BITSTAMP_SPOT_BTC_USD;2018-04-07T01:00:59.0000000Z;2018-04-07T01:00:59.3440266Z;776ca0a6-c7b8-4329-9443-bb7aba11312c;6694.890000000;0.148937250;BUY
BITSTAMP_SPOT_BTC_USD;2018-04-07T01:00:59.0000000Z;2018-04-07T01:00:59.4533283Z;90522b0f-0ad4-4af8-9183-c84ef18559eb;6694.890000000;0.139162750;BUY
BITSTAMP_SPOT_BTC_USD;2018-04-07T01:00:59.0000000Z;2018-04-07T01:00:59.6408487Z;a2ab4bbe-b8cf-402d-a210-256325d2cd6f;6695.700000000;0.001002620;BUY
BITSTAMP_SPOT_BTC_USD;2018-04-07T01:00:59.0000000Z;2018-04-07T01:00:59.8596210Z;6eeb4b10-5135-4c0d-9ba7-ae65d9306b7a;6696.750000000;0.032605660;BUY
BITSTAMP_SPOT_BTC_USD;2018-04-07T01:00:59.0000000Z;2018-04-07T01:01:00.0940212Z;1f2941e2-4178-433e-ab3f-4a69a82f5898;6697.120000000;0.001012350;BUY
BITSTAMP_SPOT_BTC_USD;2018-04-07T01:01:00.0000000Z;2018-04-07T01:01:00.3127941Z;9b02f081-519a-4ae0-b92b-ebf61d1bfe94;6698.250000000;0.015094150;BUY
BITSTAMP_SPOT_BTC_USD;2018-04-07T01:01:00.0000000Z;2018-04-07T01:01:00.5003137Z;2daa4fd1-7c82-40aa-bb9d-f96795a388f0;6698.990000000;0.002462860;BUY
BITSTAMP_SPOT_BTC_USD;2018-04-07T01:01:00.0000000Z;2018-04-07T01:01:00.7503401Z;b0a86009-8ac4-4c42-8307-6d7195fce39c;6699.210000000;0.042790000;BUY
BITSTAMP_SPOT_BTC_USD;2018-04-07T01:01:00.0000000Z;2018-04-07T01:01:01.0316196Z;60477ad8-f49c-467f-9ba7-8dbe78eb7be1;6700.000000000;0.111768710;BUY
BITSTAMP_SPOT_BTC_USD;2018-04-07T01:01:00.0000000Z;2018-04-07T01:01:00.6583800Z;2feff9c8-b4ff-45c6-a207-b4b49fe4ef1b;6699.100000000;0.003009400;BUY
BITSTAMP_SPOT_BTC_USD;2018-04-07T01:01:00.0000000Z;2018-04-07T01:01:00.8927825Z;187de4d1-e25c-455b-b540-9dcb40c2b69e;6699.990000000;0.022814900;BUY
BITSTAMP_SPOT_BTC_USD;2018-04-07T01:01:00.0000000Z;2018-04-07T01:01:01.1253789Z;7b8eac1b-4aa8-4a40-a9ce-f7f249a354a0;6700.000000000;0.200000000;BUY
BITSTAMP_SPOT_BTC_USD;2018-04-07T01:01:01.0000000Z;2018-04-07T01:01:01.3441526Z;d9334ec8-57ec-4ce1-98c0-a714008a784f;6700.000000000;1.000000000;BUY
BITSTAMP_SPOT_BTC_USD;2018-04-07T01:01:01.0000000Z;2018-04-07T01:01:01.5785526Z;ee0ed848-fbd8-4bf5-94fd-e8949eb12c29;6700.000000000;0.043050000;BUY
BITSTAMP_SPOT_BTC_USD;2018-04-07T01:01:01.0000000Z;2018-04-07T01:01:01.4866027Z;c0f4783d-6be9-4101-a8be-ac91a9e8b737;6700.000000000;0.109401800;BUY
BITSTAMP_SPOT_BTC_USD;2018-04-07T01:01:01.0000000Z;2018-04-07T01:01:01.7211502Z;baac56db-c974-4cfe-9764-e704c81001de;6700.000000000;0.016950000;BUY
BITSTAMP_SPOT_BTC_USD;2018-04-07T01:01:01.0000000Z;2018-04-07T01:01:01.8303938Z;61eeca9e-874b-4ff4-b48c-b3b1c089b84a;6700.000000000;0.060000000;BUY
BITSTAMP_SPOT_BTC_USD;2018-04-07T01:01:01.0000000Z;2018-04-07T01:01:01.9397818Z;a11cfb60-49db-4be6-a716-a746c772226f;6700.000000000;0.075000000;BUY
BITSTAMP_SPOT_BTC_USD;2018-04-07T01:01:01.0000000Z;2018-04-07T01:01:02.1723654Z;24f03827-ca37-406c-a78e-ff517fb37139;6700.000000000;1.000000000;SELL
BITSTAMP_SPOT_BTC_USD;2018-04-07T01:01:02.0000000Z;2018-04-07T01:01:02.3148248Z;e0ed4d5f-9b97-4a45-ba71-847719ceba44;6700.000000000;0.041050000;BUY
BITSTAMP_SPOT_BTC_USD;2018-04-07T01:01:02.0000000Z;2018-04-07T01:01:02.3929609Z;ebe4d0e0-07c1-4cbc-8ffe-afd231501e58;6700.000000000;0.500000000;BUY
BITSTAMP_SPOT_BTC_USD;2018-04-07T01:01:02.0000000Z;2018-04-07T01:01:02.5023483Z;9aae649c-a2e3-4580-b401-a7cea652efb4;6700.000000000;0.673118590;BUY
BITSTAMP_SPOT_BTC_USD;2018-04-07T01:01:02.0000000Z;2018-04-07T01:01:02.5961327Z;9d6e77c1-e26e-49c0-bf62-94c9a3d96ad1;6700.000000000;0.025000000;BUY
BITSTAMP_SPOT_BTC_USD;2018-04-07T01:01:04.0000000Z;2018-04-07T01:01:04.8445233Z;ca42df8c-23c2-4728-b4a4-d8365d544e38;6700.010000000;0.000901950;BUY
BITSTAMP_SPOT_BTC_USD;2018-04-07T01:01:04.0000000Z;2018-04-07T01:01:05.0964094Z;5b61b97b-f9c5-419c-bb2e-f744a12d75a5;6700.340000000;0.500000000;BUY
BITSTAMP_SPOT_BTC_USD;2018-04-07T01:01:04.0000000Z;2018-04-07T01:01:05.0007895Z;cd3728aa-6357-4ade-8e9b-8c46084851ed;6700.340000000;0.151101510;BUY
BITSTAMP_SPOT_BTC_USD;2018-04-07T01:01:04.0000000Z;2018-04-07T01:01:05.2195630Z;bcfafa96-ad0a-4009-9a00-263ffdedd55c;6700.340000000;0.155306880;BUY
BITSTAMP_SPOT_BTC_USD;2018-04-07T01:01:05.0000000Z;2018-04-07T01:01:05.3445762Z;9919db63-e95c-4408-888d-d2c60bcc49ac;6700.340000000;0.350030240;BUY
BITSTAMP_SPOT_BTC_USD;2018-04-07T01:01:05.0000000Z;2018-04-07T01:01:05.4539635Z;af05bf91-b771-45c8-b0b2-3f5f906b9fa5;6700.340000000;0.060000000;BUY
BITSTAMP_SPOT_BTC_USD;2018-04-07T01:01:05.0000000Z;2018-04-07T01:01:05.5964686Z;3a5e5d13-bfd6-489e-a510-6b7897ef17c7;6700.340000000;0.060000000;BUY
BITSTAMP_SPOT_BTC_USD;2018-04-07T01:01:05.0000000Z;2018-04-07T01:01:05.7214836Z;e46401ac-37c5-4d11-882e-57dad4f1d9ad;6700.340000000;0.060000000;BUY
BITSTAMP_SPOT_BTC_USD;2018-04-07T01:01:06.0000000Z;2018-04-07T01:01:06.7666015Z;014c104b-2eec-43f3-b5bc-d0b1246560de;6700.340000000;0.035000000;SELL
BITSTAMP_SPOT_BTC_USD;2018-04-07T01:01:06.0000000Z;2018-04-07T01:01:06.5965869Z;b193e07d-35c4-43d3-a577-5999c6f4e65e;6700.340000000;0.019538770;SELL
BITSTAMP_SPOT_BTC_USD;2018-04-07T01:01:06.0000000Z;2018-04-07T01:01:06.9384948Z;7fcdcc02-fcb5-4f20-ad3c-fad94c63821e;6700.340000000;0.011900000;SELL
BITSTAMP_SPOT_BTC_USD;2018-04-07T01:01:06.0000000Z;2018-04-07T01:01:07.0791351Z;57a5ccb4-afb9-465e-9f3a-2de12a1619e5;6700.340000000;1.649561370;BUY
BITSTAMP_SPOT_BTC_USD;2018-04-07T01:01:08.0000000Z;2018-04-07T01:01:08.8468582Z;5c083a2f-e083-4bb3-b399-82dc41aec08b;6701.120000000;0.030000000;BUY
BITSTAMP_SPOT_BTC_USD;2018-04-07T01:01:08.0000000Z;2018-04-07T01:01:09.1125408Z;b52ba0d8-87d6-45cc-8f34-c22921b2eca7;6701.120000000;0.030000000;BUY
BITSTAMP_SPOT_BTC_USD;2018-04-07T01:01:08.0000000Z;2018-04-07T01:01:09.2219015Z;78faee84-8ef4-4dce-b796-962023620982;6701.120000000;0.030000000;BUY
BITSTAMP_SPOT_BTC_USD;2018-04-07T01:01:08.0000000Z;2018-04-07T01:01:08.9699598Z;15ca5562-a0e2-4d6f-b705-bd8e63bf3c9d;6701.120000000;0.030000000;BUY
BITSTAMP_SPOT_BTC_USD;2018-04-07T01:01:09.0000000Z;2018-04-07T01:01:09.3469162Z;e198ce5a-c6bd-42ea-b443-e6472ef1c58c;6701.270000000;0.015000000;BUY
BITSTAMP_SPOT_BTC_USD;2018-04-07T01:01:09.0000000Z;2018-04-07T01:01:09.4231326Z;aa1324f6-a285-4d6a-b6d2-02a9d767369f;6701.270000000;0.026584140;BUY
BITSTAMP_SPOT_BTC_USD;2018-04-07T01:01:09.0000000Z;2018-04-07T01:01:09.5169004Z;d1b4c764-59bd-47af-8fcc-e801d8de2850;6701.270000000;0.013920060;BUY
BITSTAMP_SPOT_BTC_USD;2018-04-07T01:01:09.0000000Z;2018-04-07T01:01:09.6262798Z;8ff0dac3-cc79-4c0b-8aed-16c923bb4df2;6701.460000000;0.001011700;BUY
BITSTAMP_SPOT_BTC_USD;2018-04-07T01:01:09.0000000Z;2018-04-07T01:01:09.7356665Z;768558b9-a795-406f-b141-4b4bef7494cd;6702.200000000;0.006348560;BUY
BITSTAMP_SPOT_BTC_USD;2018-04-07T01:01:09.0000000Z;2018-04-07T01:01:09.8606800Z;f982a78a-c0a9-4619-a6a1-8567ba7a7681;6702.850000000;0.001011490;BUY
BITSTAMP_SPOT_BTC_USD;2018-04-07T01:01:09.0000000Z;2018-04-07T01:01:09.9563705Z;d295df51-b3fc-4325-8552-c95a58a34b71;6704.120000000;0.200000000;BUY
BITSTAMP_SPOT_BTC_USD;2018-04-07T01:01:09.0000000Z;2018-04-07T01:01:10.0501254Z;728d8104-8c29-4e6d-93b2-12cb04dfd23b;6705.160000000;0.516612580;BUY
BITSTAMP_SPOT_BTC_USD;2018-04-07T01:01:09.0000000Z;2018-04-07T01:01:10.1419580Z;7e5959f7-bcb7-4b59-8fee-f4b907072686;6705.160000000;0.085585960;BUY
BITSTAMP_SPOT_BTC_USD;2018-04-07T01:01:10.0000000Z;2018-04-07T01:01:10.2359538Z;ca71ead3-fb68-463d-a62f-f8be2c161b4b;6705.160000000;0.045000000;BUY
BITSTAMP_SPOT_BTC_USD;2018-04-07T01:01:10.0000000Z;2018-04-07T01:01:10.4545184Z;2eeab154-c1f0-407a-af8a-88278db3258f;6705.160000000;3.352801460;BUY
BITSTAMP_SPOT_BTC_USD;2018-04-07T01:01:10.0000000Z;2018-04-07T01:01:10.8607847Z;3ba02f72-2ecf-4715-8a13-ba73c48b26a5;6706.750000000;0.001450000;BUY
BITSTAMP_SPOT_BTC_USD;2018-04-07T01:01:10.0000000Z;2018-04-07T01:01:10.9721164Z;24abcea6-af87-4569-b389-a85f1df308ac;6708.010000000;0.407001600;BUY
BITSTAMP_SPOT_BTC_USD;2018-04-07T01:01:10.0000000Z;2018-04-07T01:01:11.1889442Z;187007b8-2303-410d-94f5-ec04d028a0a0;6708.010000000;9.521800050;BUY
BITSTAMP_SPOT_BTC_USD;2018-04-07T01:01:11.0000000Z;2018-04-07T01:01:11.3471594Z;9cf40704-55d6-4d94-94ae-5f2620f350ae;6708.010000000;1.228212880;BUY
BITSTAMP_SPOT_BTC_USD;2018-04-07T01:01:11.0000000Z;2018-04-07T01:01:11.5346815Z;bebccf33-dabe-4146-8e3a-8975f71730da;6708.430000000;0.001010650;BUY
BITSTAMP_SPOT_BTC_USD;2018-04-07T01:01:11.0000000Z;2018-04-07T01:01:11.9722478Z;817cbab5-597a-47b7-81aa-d36288eae372;6710.000000000;0.075000000;BUY
BITSTAMP_SPOT_BTC_USD;2018-04-07T01:01:11.0000000Z;2018-04-07T01:01:11.2827386Z;1d1ba22f-62ab-41c2-81dd-4b7adc1a92de;6708.010000000;1.342985470;BUY
BITSTAMP_SPOT_BTC_USD;2018-04-07T01:01:11.0000000Z;2018-04-07T01:01:11.7358778Z;cd2e68e5-a1c6-493b-8152-bd23e60e1bd4;6709.360000000;0.001010510;BUY
BITSTAMP_SPOT_BTC_USD;2018-04-07T01:01:11.0000000Z;2018-04-07T01:01:12.0640374Z;08c16e5b-c370-4c31-b2e9-fd627bcd1c79;6710.000000000;9.925000000;BUY
BITSTAMP_SPOT_BTC_USD;2018-04-07T01:01:12.0000000Z;2018-04-07T01:01:12.5191720Z;1e4d7ed6-c7d7-45e2-b8e2-cda3e3574a9b;6711.310000000;0.001052860;BUY
BITSTAMP_SPOT_BTC_USD;2018-04-07T01:01:13.0000000Z;2018-04-07T01:01:14.1736349Z;3a0e024b-900a-434c-9f1a-61a0014fe84a;6711.990000000;0.001266350;BUY
BITSTAMP_SPOT_BTC_USD;2018-04-07T01:01:14.0000000Z;2018-04-07T01:01:14.3475347Z;80ff6b56-c995-45ac-8f35-5825b9f3c5dc;6712.520000000;0.003003400;BUY
BITSTAMP_SPOT_BTC_USD;2018-04-07T01:01:14.0000000Z;2018-04-07T01:01:14.5037677Z;fcc0a3b6-1b64-418d-afa3-9f12c0f9e2c4;6712.570000000;0.000899950;BUY
BITSTAMP_SPOT_BTC_USD;2018-04-07T01:01:14.0000000Z;2018-04-07T01:01:14.6600363Z;8bacbd20-f995-4bf9-9afc-c038275aaa63;6713.000000000;0.100000000;BUY
BITSTAMP_SPOT_BTC_USD;2018-04-07T01:01:14.0000000Z;2018-04-07T01:01:14.8163040Z;bbba5e98-3f6b-4e5f-872a-bef1813bbbd0;6714.480000000;0.001009730;BUY
BITSTAMP_SPOT_BTC_USD;2018-04-07T01:01:14.0000000Z;2018-04-07T01:01:15.0976092Z;65163629-d5ee-4ed0-a59e-c5950cae2c14;6716.000000000;1.877820570;BUY
BITSTAMP_SPOT_BTC_USD;2018-04-07T01:01:14.0000000Z;2018-04-07T01:01:14.9393408Z;dc75ced6-82cc-499a-ae9c-4785e6eb96b7;6715.060000000;0.016000000;BUY
BITSTAMP_SPOT_BTC_USD;2018-04-07T01:01:14.0000000Z;2018-04-07T01:01:15.1913441Z;ccebcce0-cab5-48df-b9fa-9e803d9273e5;6716.000000000;0.075000000;BUY
BITSTAMP_SPOT_BTC_USD;2018-04-07T01:01:15.0000000Z;2018-04-07T01:01:15.3163589Z;461bdb39-c717-4891-8349-3c86d37fdbaa;6716.000000000;0.081938020;BUY
BITSTAMP_SPOT_BTC_USD;2018-04-07T01:01:15.0000000Z;2018-04-07T01:01:15.4257727Z;0e30c746-0c07-43d2-b9f2-e8959b657485;6716.000000000;0.060000000;BUY
BITSTAMP_SPOT_BTC_USD;2018-04-07T01:01:15.0000000Z;2018-04-07T01:01:15.5507599Z;4eb21d4f-960e-40b9-906f-b45ac40eb0b9;6716.000000000;0.060000000;BUY
BITSTAMP_SPOT_BTC_USD;2018-04-07T01:01:15.0000000Z;2018-04-07T01:01:15.6288934Z;33d4af23-56d4-40c4-89fd-c900bc14b48f;6716.000000000;0.060000000;BUY
BITSTAMP_SPOT_BTC_USD;2018-04-07T01:01:16.0000000Z;2018-04-07T01:01:16.7696705Z;c37fade6-7f9f-4aca-8193-dabb5141be40;6716.000000000;0.011900000;SELL
BITSTAMP_SPOT_BTC_USD;2018-04-07T01:01:16.0000000Z;2018-04-07T01:01:16.8946608Z;49d848bf-5f1c-43f1-bd90-f4646416cdea;6716.000000000;0.146666500;SELL
BITSTAMP_SPOT_BTC_USD;2018-04-07T01:01:16.0000000Z;2018-04-07T01:01:16.9708068Z;f7a5334b-e56f-4086-b3c2-76f514540f01;6716.000000000;0.785241410;BUY
BITSTAMP_SPOT_BTC_USD;2018-04-07T01:01:18.0000000Z;2018-04-07T01:01:18.2542015Z;ab29fe43-8b82-4c58-b7a7-822da8ab19aa;6718.570000000;0.007535000;BUY
BITSTAMP_SPOT_BTC_USD;2018-04-07T01:01:18.0000000Z;2018-04-07T01:01:18.6292274Z;18da7db7-7219-4160-aafd-3cdff8aead7a;6719.670000000;0.001008960;BUY
BITSTAMP_SPOT_BTC_USD;2018-04-07T01:01:18.0000000Z;2018-04-07T01:01:18.8636287Z;d7db6054-28ea-4004-b5fb-76ec02d93150;6723.000000000;0.002475000;BUY
BITSTAMP_SPOT_BTC_USD;2018-04-07T01:01:18.0000000Z;2018-04-07T01:01:19.0980308Z;b5603a3e-19d3-4502-a4ae-897fb7ce1a2b;6724.110000000;0.002168260;BUY
BITSTAMP_SPOT_BTC_USD;2018-04-07T01:01:18.0000000Z;2018-04-07T01:01:18.3772051Z;b38e5305-9d82-4bf4-9dd2-4d4d7e546bf2;6718.650000000;0.015211270;BUY
BITSTAMP_SPOT_BTC_USD;2018-04-07T01:01:18.0000000Z;2018-04-07T01:01:18.4865915Z;249dd3a3-494f-41bf-85f7-40d206df065f;6718.840000000;0.001009080;BUY
BITSTAMP_SPOT_BTC_USD;2018-04-07T01:01:18.0000000Z;2018-04-07T01:01:18.7522447Z;097c7919-1bfa-4c7f-b692-e7cfeba83c9b;6719.680000000;0.001008950;BUY
BITSTAMP_SPOT_BTC_USD;2018-04-07T01:01:18.0000000Z;2018-04-07T01:01:18.9710202Z;596e9023-f58d-44b9-acd2-5de9aac51f33;6724.110000000;0.031751740;BUY
BITSTAMP_SPOT_BTC_USD;2018-04-07T01:01:18.0000000Z;2018-04-07T01:01:19.1897919Z;8bbc9cf1-69df-4236-a766-40721f1a2520;6724.120000000;0.057831740;BUY
BITSTAMP_SPOT_BTC_USD;2018-04-07T01:01:19.0000000Z;2018-04-07T01:01:19.2855514Z;4b877e22-a1aa-4ee7-8970-813de3057162;6724.120000000;0.075000000;BUY
BITSTAMP_SPOT_BTC_USD;2018-04-07T01:01:19.0000000Z;2018-04-07T01:01:19.7387365Z;8e87b4ae-f880-41a3-8a03-6536ecf8a41f;6724.610000000;0.000898430;BUY
BITSTAMP_SPOT_BTC_USD;2018-04-07T01:01:19.0000000Z;2018-04-07T01:01:20.1450224Z;cb6136ff-98c2-442c-bc21-794d1f923ddf;6724.780000000;0.013300020;BUY
